=LDR  01666 am a2200397 a 4500
=001  016056075
=003  Uk
=005  20120326124829.0
=008  070215s2006\\\\lu\abd\\\b\\\\000\0\eng\\
=020  \\$a9289709596
=020  \\$a9789289709590 (pbk.)
=040  \\$aGyGoGBV$bger$cGBVCP$dOCLCQ$dUk$erakwb
=042  \\$aukblsr
=245  00$aFirst European quality of life survey :$bquality of life in Bulgaria and Romania /$c[Authors: Ioan Mărginean ...] : European Foundation for the Improvement of Living and Working Conditions.
=246  30$aQuality of life in Bulgaria and Romania
=260  \\$aLuxembourg :$bOffice for Official Publications of the European Communities,$c2006.
=300  \\$a91, [2] p. :$bill., charts, 1 map ;$c30 cm.
=336  \\$atext$2rdacontent
=337  \\$aunmediated$2rdamedia
=338  \\$avolume$2rdacarrier
=500  \\$aAt head of title: European Foundation for the Improvement of Living and Working Conditions.
=504  \\$aIncludes bibliographical references (p. 87-91).
=610  20$aEuropean Foundation for the Improvement of Living and Working Conditions.
=650  \0$aQuality of life$zBulgaria$xResearch.
=650  \0$aQuality of life$zRomania$xResearch.
=700  1\$aMărginean, Ioan.
=852  41$aBritish Library$bHMNTS$jYD.2012.b.994
=852  41$aBritish Library$bHMNTS
=856  \\$ahttp://www.eurofound.eu.int/pubdocs/2006/67/en/1/ef0667en.pdf
=CAT  \\$a13151$b40$c20120326$lBLL01$h1247
=CAT  \\$a13151$b40$c20120326$lBLL01$h1248
=CAT  \\$aBATCH-UPD$b40$c20210210$lBLL01$h2003
=FIN  \\$aY$d20120326
=FMT  \\$a  BK
=LAS  \\$aBATCH-UPD$b40$c20210210$lBLL01$h2003
=SID  \\$aZ39$bOCLC

