=LDR  01841 am a2200445 i 4500
=001  016311933
=003  Uk
=005  20131127144907.0
=008  130402s2013\\\\mv\a\\\\\b\\\\000\0\rum\\
=020  \\$a9789975807524 (paperback)
=040  \\$aUk$beng$cUk$erda
=042  \\$aukblsr
=100  1\$aCantarji, Vasile,$eauthor.
=245  10$aRomii din Republica Moldova :$bîn comunităţile locuite preponderent de romi /$cVasile Cantarji, Maria Vremiş, Viorica Toartă, Natalia Vladicescu.
=264  \1$aChisinau :$bOrganizaţia Naţiunilor Unite,$c2013.
=300  \\$a189 pages :$billustration (some colour) ;$c27 cm
=336  \\$atext$2rdacontent
=337  \\$aunmediated$2rdamedia
=338  \\$avolume$2rdacarrier
=500  \\$aRaport elaborat în cadrul Programului comun al ONU "Consolidarea sistemului statistic naţional", cu susţinerea PNUD, UN Women, UNICEF şi sprijinul fi nanciar al Guvernului Suediei.
=504  \\$aIncludes bibliographical references.
=610  20$aUnited Nations$zMoldova.
=650  \0$aRomanies$zMoldova$xSocial conditions.
=651  \0$aMoldova$xEthnic relations.
=700  1\$aVremiş, Maria,$eauthor.
=700  1\$aToartă, Viorica,$eauthor.
=700  1\$aVladicescu, Natalia,$eauthor.
=852  41$aBritish Library$bHMNTS$jYF.2013.b.1972
=852  41$aBritish Library$bHMNTS
=856  \\$ahttp://www.un.md/key_doc_pub/Raport_ROMA_rom2013.pdf
=CAT  \\$a13151$b40$c20130402$lBLL01$h1051
=CAT  \\$a13151$b40$c20130619$lBLL01$h1130
=CAT  \\$a13151$b40$c20131108$lBLL01$h1428
=CAT  \\$a13151$b40$c20131108$lBLL01$h1434
=CAT  \\$a13151$b40$c20131127$lBLL01$h1448
=CAT  \\$a13151$b40$c20131127$lBLL01$h1449
=CAT  \\$aBATCH-UPD$b40$c20150912$lBLL01$h1731
=FIN  \\$aY$d20131127
=FMT  \\$a  BK
=LAS  \\$aBATCH-UPD$b40$c20150912$lBLL01$h1731

