=LDR  03642cam a22008417a 4500
=001  015966734
=003  Uk
=005  20221231231003.0
=008  111006s2011\\\\gw\d\\\\\b\\\\100\0\spa\d
=020  \\$a9783862881604
=020  \\$a3862881601
=035  \\$a(OCoLC)760118415
=040  \\$aDE-604$bger$cDEBBG$dUk$erakddb
=111  2\$aSeminario de Investigación sobre Tiempo y Aspecto$n(4th :$d2010)
=245  10$aSobre estados y estatividad /$cÁngeles Carrasco Gutierrez (ed.).
=260  \\$aMuenchen :$bLINCOM Europa,$c2011.
=300  \\$a189 p. :$bill. ;$c21 cm.
=336  \\$atext$2rdacontent
=337  \\$aunmediated$2rdamedia
=338  \\$avolume$2rdacarrier
=490  1\$aLINCOM studies in theoretical linguistics ;$v46
=500  \\$aConference proceedings from the IV Seminario de Investigación sobre Tiempo y Aspecto, 2010.
=504  \\$aIncludes bibliographical references.
=540  \\$aCurrent Copyright Fee: GBP25.00$c0$5Uk
=591  \\$aPapers.
=650  \0$aGrammar, Comparative and general$xVerb.
=650  \0$aGrammar, Comparative and general$xTransitivity.
=653  1\$aEstatividad
=653  1\$aTiempo
=700  1\$aCarrasco Gutiérrez, Angeles.
=830  \0$aLINCOM studies in theoretical linguistics ;$v46.
=852  41$aBritish Library$bDSC$j5220.675000
=852  41$aBritish Library$bDSC
=856  \\$uhttp://bvbr.bib-bvb.de:8991/F?func=service&doc_library=BVB01&doc_number=024468504&line_number=0001&func_code=DB_RECORDS&service_type=MEDIA$zInhaltsverzeichnis
=856  42$3Inhaltsverzeichnis$uhttp://d-nb.info/1013651324/04$mB:DE-101$qapplication/pdf
=945  \\$aLINCOM studies in theoretical linguistics ; no 46 2011
=ACF  \\$aPrevious Copyright Fee: GBP12.30$c0$e01-jan-2014$fGBP12.30$g0$hA$5Uk
=ACF  \\$aPrevious Copyright Fee: GBP15.00$c0$e01-jan-2017$fGBP15.00$g0$hA$5Uk
=ACF  \\$aPrevious Copyright Fee: GBP20.00$c0$e01-jan-2020$fGBP20.00$g0$hA$5Uk
=CAT  \\$a7164$b40$c20111110$lBLL01$h1353
=CAT  \\$a8962$b40$c20111110$lBLL01$h1430
=CAT  \\$a8962$b40$c20111110$lBLL01$h1431
=CAT  \\$a8962$b40$c20111110$lBLL01$h1434
=CAT  \\$aBATCH-CLA$b00$c20120928$lBLL01$h1836
=CAT  \\$aBATCH-CLA$b00$c20120930$lBLL01$h1045
=CAT  \\$aBATCH-CLA$b00$c20130508$lBLL01$h0732
=CAT  \\$aBATCH-CLA$c20131220$lBLL01$h2114
=CAT  \\$aIPL-CLA$c20140101$lBLL01$h0153
=CAT  \\$aBATCH-UPD$b00$c20141009$lBLL01$h1404
=CAT  \\$aBATCH-CLA$b00$c20141010$lBLL01$h0037
=CAT  \\$aBATCH-UPD$b00$c20150820$lBLL01$h1113
=CAT  \\$aBATCH-UPD$b00$c20160815$lBLL01$h1111
=CAT  \\$aBATCH-CLA$b00$c20160816$lBLL01$h0114
=CAT  \\$aBATCH-CLA$b00$c20161222$lBLL01$h1834
=CAT  \\$aIPL-CLA$c20161230$lBLL01$h2358
=CAT  \\$aBATCH-CLA$b00$c20171222$lBLL01$h2209
=CAT  \\$aIPL-CLA$c20171231$lBLL01$h1810
=CAT  \\$aBATCH-CLA$b00$c20191219$lBLL01$h1757
=CAT  \\$aIPL-CLA$c20191231$lBLL01$h2029
=CAT  \\$aR2001-1524$c20200127$lBLL01$h2055
=CAT  \\$aBATCH-CLA$b00$c20200128$lBLL01$h0439
=CAT  \\$aBATCH-CLA$b00$c20201204$lBLL01$h1607
=CAT  \\$aIPL-CLA$c20201231$lBLL01$h2330
=CAT  \\$aBATCH-CLA$b00$c20221221$lBLL01$h1923
=CAT  \\$aIPL-CLA$c20221231$lBLL01$h2310
=CFI  0\$aCurrent Copyright Fee: GBP25.00$c0$e01-jan-2023$fGBP25.00$g0$hA$5Uk
=CFI  2\$aPrevious Copyright Fee: GBP22.50$c0$e01-jan-2021$fGBP22.50$g0$hA$5Uk
=CNF  \\$aSeminario de Investigación sobre Tiempo y Aspecto$n(4th :$d2010)
=FIN  \\$aY$d20111110
=FMT  \\$a  BK
=LAS  \\$aIPL-CLA$b00$c20221231$lBLL01$h2310
=SID  \\$aZ39$bOCLC
=TCO  \\$aDEU$bVG WORT$c008

