=LDR  03367cam a2200805 a 4500
=001  012998223
=003  Uk
=005  20221231210025.0
=008  031112s2004\\\\ne\abc\\\b\\\\001\0deng\\
=010  \\$a  2003065511
=020  \\$a9004137904
=040  \\$aDLC$cDLC$dDLC$dUk
=042  \\$aukblsr
=043  \\$ae-dk---$ae------
=050  00$aDL188$b.L63 2004
=082  00$a940.24209489$222
=100  1\$aLockhart, Paul Douglas,$d1963-
=245  10$aFrederik II and the Protestant cause :$bDenmark's role in the Wars of Religion, 1559-1596 /$cby Paul Douglas Lockhart.
=246  3\$aFrederik the 2nd and the Protestant cause
=260  \\$aLeiden :$bBrill,$c2004.
=300  \\$axxii, 350 p., [12] p. of plates :$bill. (some col.), maps, ports. (some col.) ;$c25 cm.
=336  \\$atext$2rdacontent
=337  \\$aunmediated$2rdamedia
=338  \\$avolume$2rdacarrier
=490  1\$aThe Northern world,$x1569-1462 ;$vv. 10
=504  \\$aIncludes bibliographical references (p. [329]-338) and index.
=540  \\$aCurrent Copyright Fee: GBP25.00$c0$5Uk
=600  00$aFrederick$bII,$cKing of Denmark and Norway,$d1534-1588.
=650  \0$aThirty Years' War, 1618-1648.
=651  \0$aDenmark$xForeign relations$y1448-1660.
=830  \4$aThe Northern world,$x1569-1462 ;$vv. 10
=852  41$aBritish Library$bHMNTS$jZA.9.a.12030 (.....)
=852  41$aBritish Library$bDSC$j6151.340000
=852  41$aBritish Library$bHMNTS
=852  41$aBritish Library$bHMNTS$jZA.9.a.12030(10)
=856  41$3Table of contents$uhttp://www.loc.gov/catdir/toc/fy045/2003065511.html$9Error:404
=ACF  \\$aPrevious Copyright Fee: GBP12.30$c0$e01-jan-2014$fGBP12.30$g0$hA$5Uk
=ACF  \\$aPrevious Copyright Fee: GBP20.00$c0$e01-jan-2020$fGBP20.00$g0$hA$5Uk
=CAT  \\$a11317$b40$c20040922$lBLL01$h1322
=CAT  \\$aBATCH-URL$c20120224$lBLL01$h1423
=CAT  \\$aBATCH-CLA$b00$c20130527$lBLL01$h0249
=CAT  \\$aBATCH-UPD$b00$c20131206$lBLL01$h2207
=CAT  \\$aBATCH-CLA$b00$c20131207$lBLL01$h0034
=CAT  \\$aBATCH-CLA$c20131220$lBLL01$h2029
=CAT  \\$aIPL-CLA$c20131231$lBLL01$h2341
=CAT  \\$aBATCH-CLA$b00$c20140102$lBLL01$h0314
=CAT  \\$aBATCH-UPD$b00$c20160128$lBLL01$h0950
=CAT  \\$aBATCH-CLA$b00$c20160129$lBLL01$h0131
=CAT  \\$a8874$b40$c20161021$lBLL01$h1300
=CAT  \\$aBATCH-CLA$b00$c20161022$lBLL01$h0115
=CAT  \\$aBATCH-CLA$b00$c20161222$lBLL01$h1803
=CAT  \\$aIPL-CLA$c20161230$lBLL01$h2129
=CAT  \\$aBATCH-CLA$b00$c20171222$lBLL01$h2124
=CAT  \\$aIPL-CLA$c20171231$lBLL01$h1635
=CAT  \\$aBATCH-UPD$b00$c20181018$lBLL01$h2033
=CAT  \\$aBATCH-CLA$b00$c20181019$lBLL01$h0107
=CAT  \\$aBATCH-CLA$b00$c20191219$lBLL01$h1731
=CAT  \\$aIPL-CLA$c20191231$lBLL01$h1929
=CAT  \\$aR2001-1524$c20200127$lBLL01$h2006
=CAT  \\$aBATCH-CLA$b00$c20200128$lBLL01$h0400
=CAT  \\$aBATCH-CLA$b00$c20201204$lBLL01$h1532
=CAT  \\$aIPL-CLA$c20201231$lBLL01$h2154
=CAT  \\$aBATCH-CLA$b00$c20221221$lBLL01$h1841
=CAT  \\$aIPL-CLA$c20221231$lBLL01$h2100
=CFI  0\$aCurrent Copyright Fee: GBP25.00$c0$e01-jan-2023$fGBP25.00$g0$hA$5Uk
=CFI  2\$aPrevious Copyright Fee: GBP22.50$c0$e01-jan-2021$fGBP22.50$g0$hA$5Uk
=FIN  \\$aY
=FMT  \\$a  BK
=LAS  \\$aIPL-CLA$b00$c20221231$lBLL01$h2100
=TCO  \\$aNLD$bSTICHTING REPRORECHT$c008

