=LDR  02866 am a2200625 i 4500
=001  018924547
=003  Uk
=005  20190710113201.0
=008  930518s1992\\\\au\ab\\\\b\\\\000\0\slv\\
=010  \\$a   93155478 $z   93163657 
=020  \\$a3854352034
=020  \\$a9783854352037
=020  \\$a3850132862
=020  \\$a9783850132862
=035  \\$a(OCoLC)29598960
=040  \\$aDLC$beng$cDLC$dOCLCO$dOCLCF$dOCLCQ$dOCLCO$dOCL$dOCLCO$dDEBSZ$dOCLCQ$dOCL$dUk
=041  0\$aslv$ager
=043  \\$ae-au---
=050  00$aD809.A9$bN37 1992
=245  00$aNarodu in državi sovražni :$bpregon koroških Slovencev 1942 = Volks- und staatsfeindlich : die Vertreibung von Kärntner Slowenen 1942 /$curedila/redigiert von Avguštin Malle und Valentin Sima.
=246  3\$aVolks- und staatsfeindlich
=260  \\$aCelovec/Klagenfurt :$bZal. Drava Verlag :$bMohorjeva zal./Hermagoras Verlag,$c1992.
=300  \\$a479 pages :$billustrations, map ;$c25 cm
=336  \\$atext$btxt$2rdacontent
=337  \\$aunmediated$bn$2rdamedia
=338  \\$avolume$bnc$2rdacarrier
=500  \\$aSlovenian and German.
=500  \\$aAt head of title: Zveza slovenskih izseljencev/Verband Ausgesiedelter Slowenen. Institut für Zeitgeschichte der UBW Klagenfurt/Inštitut za sodobno zgodovino na celovški univerzi. Slovenski znanstveni inštitut/Slowenisches Wissenschaftliches Institut.
=504  \\$aIncludes bibliographical references.
=611  27$aWorld War (1939-1945)$2fast$0(OCoLC)fst01180924
=648  \7$a1900-1999$2fast
=650  \0$aWorld War, 1939-1945$xRefugees.
=650  \0$aWorld War, 1939-1945$zAustria$zCarinthia.
=650  \0$aSlovenes$zAustria$zCarinthia$xHistory$y20th century.
=650  \7$aRefugees.$2fast$0(OCoLC)fst01092797
=650  \7$aSlovenes.$2fast$0(OCoLC)fst01121077
=651  \0$aCarinthia (Austria)$xHistory.
=651  \7$aAustria$zCarinthia.$2fast$0(OCoLC)fst01206803
=655  \7$aHistory.$2fast$0(OCoLC)fst01411628
=700  1\$aMalle, Avguštin.
=700  1\$aSima, Valentin.
=710  2\$aZveza slovenskih izseljencev (Austria)
=710  2\$aUniversität für Bildungswissenschaften Klagenfurt.$bInstitut für Zeitgeschichte.
=710  2\$aSlovenski znanstveni inštitut (Klagenfurt, Austria)
=776  08$iOnline version:$tNarodu in državi sovražni.$w(OCoLC)654817724$dCelovec/Klagenfurt : Zal. Drava Verlag : Mohorjeva zal./Hermagoras Verlag, 1992
=852  41$aBritish Library$bHMNTS
=852  41$aBritish Library$bHMNTS$jYA.1995.b.11794
=856  41$3Table of contents$uhttp://media.obvsg.at/AC00592390-1002$v20090625000000
=CAT  \\$a10039$b40$c20180629$lBLL01$h1111
=CAT  \\$a6550$b40$c20190710$lBLL01$h1132
=CAT  \\$aBATCH-UPD$b40$c20190710$lBLL01$h1132
=FIN  \\$aY$d20190710
=FMT  \\$a  BK
=LAS  \\$aBATCH-UPD$b40$c20190710$lBLL01$h1132
=SID  \\$aZ39$bOCLC

