=LDR  01921 am a2200505 a 4500
=001  016102096
=003  Uk
=005  20120703141517.0
=008  110314s2011\\\\gw\a\\\\\b\\\\001\0\eng\d
=010  \\$a2011028127
=015  \\$a11,N10$2dnb
=020  \\$a9783110253016
=020  \\$a3110253011
=035  \\$a(OCoLC)711859700
=040  \\$aDE-604$bger$cDEBBG$dYDXCP$dDEBSZ$erakddb
=042  \\$aukblsr
=082  04$a025.23$223$qUK-WkNB
=245  00$aPatron-driven acquisitions :$bhistory and best practices /$cedited by David A. Swords.
=260  \\$aBerlin :$bDe Gruyter Saur,$cc2011.
=300  \\$a205 p. :$bill. ;$c24 cm.
=336  \\$atext$2rdacontent
=337  \\$aunmediated$2rdamedia
=338  \\$avolume$2rdacarrier
=490  0\$aCurrent topics in library and information practice
=504  \\$aIncludes bibliographical references and index.
=650  \0$aPatron-driven acquisitions (Libraries)
=650  \0$aAcademic libraries$xAcquisitions.
=650  \0$aLibraries and electronic publishing.
=700  1\$aSwords, David A.
=852  41$aBritish Library$bDSC
=852  41$aBritish Library$bHMNTS$jYD.2012.a.4635
=856  42$3Inhaltstext$uhttp://deposit.d-nb.de/cgi-bin/dokserv?id=3678725&prov=M&dok_var=1&dok_ext=htm$mX:MVB$qtext/html
=856  4\$3Inhaltstext$uhttp://deposit.d-nb.de/cgi-bin/dokserv?id=3678725&prov=M&dok%5Fvar=1&dok%5Fext=htm$mX:MVB$qtext/html
=985  \\$aCorrected by MS generated file for WR# 13.051
=CAT  \\$a9701$b40$c20120612$lBLL01$h1016
=CAT  \\$a11014$b40$c20120703$lBLL01$h1320
=CAT  \\$a11014$b40$c20120703$lBLL01$h1415
=CAT  \\$aBLSS-CORR$b00$c20130327$lBLL01$h1529
=CAT  \\$aBATCH-UPD$b00$c20160309$lBLL01$h1931
=CAT  \\$aBATCH-UPD$b00$c20160519$lBLL01$h2124
=CAT  \\$aW1707-0052$c20170703$lBLL01$h1918
=FIN  \\$aY$d20120703
=FMT  \\$a  BK
=LAS  \\$aW1707-0052$b00$c20170703$lBLL01$h1918
=SID  \\$aZ39$bOCLC

