=LDR  06521cam a22009617a 4500
=001  016070116
=003  Uk
=005  20221231231413.0
=008  111024s2011\\\\it\\\\\\\b\\\\001\0\fre\d
=010  \\$a2011437119
=020  \\$a9782728309009
=020  \\$a2728309000
=035  \\$a(OCoLC)758436463
=040  \\$aItFiC$beng$cC3L$dDLC$dHTV$dDEBSZ$dERASP$dDEBBG$dMUU$dUK
=042  \\$aukblderived
=043  \\$ae-it---
=050  00$aHQ1236.5.I8$bC53 2011
=082  04$a305$221
=084  \\$a8,2$2ssgn
=100  10$aChabot, Isabelle,$d1959-
=245  13$aLa dette des familles :$bfemmes, lignage et patrimoine à Florence aux XIVe et XVe siècles /$cIsabelle Chabot.
=260  \\$aRome :$bÉcole française de Rome,$c2011.
=300  \\$aviii, 450 p. ;$c24 cm.
=336  \\$atext$2rdacontent
=337  \\$aunmediated$2rdamedia
=338  \\$avolume$2rdacarrier
=490  1\$aCollection de l'École Française de Rome ;$v445
=504  \\$aIncludes bibliographical references (p. [395]-422) and indexes.
=505  0\$aFemme, lignage et patrimoine. Les règles du jeu successoral -- Le pouvoir de déroger -- Logiques successorales:les pratiques testamentaires -- Résistances -- Créancières: droits et pouvoirs patrimoniaux des épouses -- Mise en scène: le cycle rituel de l'alliance. Les noches: échanges et rituels -- La mort du couple: rituels et pratiques sociales autour du deuil -- Le jeu des familles. Pour le bien de veuves -- Des filles à remarier -- Le lien maternel -- Conclusion: identité et mémoire familiales des femmes.
=520  \\$a"For the house of the father works perfectly, only men should succeed in the temporal continuity of the family and the transmission of heritage assets. Women are and are not in the duration of the lineage. These women, by which the patrilineal lineage is renewed and persists in later generations they create, should come and go between the houses and move to follow without succeeding. However, one of the paradoxes of medieval dowry system is that women, through their dowry, are not completely excluded from the process of devolution of property: they are and are not heirs of their ancestors. They may well, again thanks to their dowry, to return to the temporal continuity of family assets and hence the family itself. Because their dowries through allowing them to enter the homes of men in marriage, women do not produce only males for the lineage, they also inaugurate another line, another estate. Women are thus both agents and recipients in the process of devolution of property: if they can not completely disinherit them, men are striving to neutralize their dowry by reducing them to mere claims and ensure that heritage female is devoid of all powers inherent in the transmission function, because it is what generates the permanence and can act on time. To maintain this powerful optical illusion is the house of the fathers, remove the property from women and women who go through any time dimension. This book tells the story of the struggle of the Florentines of the late Middle Ages to reduce the inheritance rights of women, control as well as their patrimonial power transmission capacity and maintain as following in succession and continuity of families. But he also said that this fight is never completely victorious."--Translated from the publisher's website.
=540  \\$aCurrent Copyright Fee: GBP25.00$c0$5Uk
=648  \7$aGeschichte 1300-1500.$2swd
=650  \0$aWomen's rights$zItaly$zFlorence$xHistory$yTo 1500.
=650  \0$aMarriage settlements$zItaly$zFlorence$xHistory$yTo 1500.
=650  \0$aInheritance and succession$zItaly$zFlorence$xHistory$yTo 1500.
=650  \0$aWomen$zItaly$zFlorence$xEconomic conditions.
=650  07$aBesitz.$2swd
=650  07$aErbrecht.$2swd
=650  07$aFamilie.$2swd
=650  07$aFrau.$2swd
=651  \7$aFlorenz.$2swd
=690  7\$aSocial Welfare$2blcoll
=830  \0$aCollection de l'École française de Rome ;$v445.
=852  41$aBritish Library$bDSC$j3310.417000
=852  41$aBritish Library$bHMNTS$jAc.5233.a.[....]
=852  41$aBritish Library$bHMNTS
=852  41$aBritish Library$bHMNTS$jAc.5233.a.[445]
=856  41$3Table of contents only$uhttp://catdir.loc.gov/catdir/toc/casalini09/11351225.pdf
=856  \\$uhttp://bvbr.bib-bvb.de:8991/F?func=service&doc_library=BVB01&doc_number=024622482&line_number=0001&func_code=DB_RECORDS&service_type=MEDIA$zInhaltsverzeichnis
=856  \\$uhttp://bvbr.bib-bvb.de:8991/F?func=service&doc_library=BVB01&doc_number=024622482&line_number=0002&func_code=DB_RECORDS&service_type=MEDIA$zKlappentext
=856  \\$uhttp://bvbr.bib-bvb.de:8991/F?func=service&doc_library=BVB01&doc_number=024622482&line_number=0003&func_code=DB_RECORDS&service_type=MEDIA$zBuchcover
=ACF  \\$aPrevious copyright fee: GBP12.00$c0$e01-jan-2012$fGBP12.00$g0$hA$5Uk
=ACF  \\$aPrevious Copyright Fee: GBP12.30$c0$e01-jan-2014$fGBP12.30$g0$hA$5Uk
=ACF  \\$aPrevious Copyright Fee: GBP15.00$c0$e01-jan-2017$fGBP15.00$g0$hA$5Uk
=ACF  \\$aPrevious Copyright Fee: GBP20.00$c0$e01-jan-2020$fGBP20.00$g0$hA$5Uk
=CAT  \\$a8197$b40$c20120419$lBLL01$h1406
=CAT  \\$aBATCH-SWP$c20120504$lBLL01$h2246
=CAT  \\$a8411$b40$c20120727$lBLL01$h0949
=CAT  \\$aBATCH-CLA$b00$c20120928$lBLL01$h1839
=CAT  \\$aBATCH-CLA$b00$c20120930$lBLL01$h1050
=CAT  \\$aBATCH-CLA$b00$c20130508$lBLL01$h0738
=CAT  \\$aBATCH-CLA$c20131220$lBLL01$h2116
=CAT  \\$aIPL-CLA$c20140101$lBLL01$h0158
=CAT  \\$aBATCH-UPD$b00$c20140901$lBLL01$h1431
=CAT  \\$aBATCH-CLA$b00$c20161222$lBLL01$h1834
=CAT  \\$aIPL-CLA$c20161231$lBLL01$h0002
=CAT  \\$aBATCH-CLA$b00$c20171222$lBLL01$h2210
=CAT  \\$aIPL-CLA$c20171231$lBLL01$h1813
=CAT  \\$aBATCH-CLA$b00$c20191219$lBLL01$h1758
=CAT  \\$aIPL-CLA$c20191231$lBLL01$h2031
=CAT  \\$aR2001-1524$c20200127$lBLL01$h2056
=CAT  \\$aBATCH-CLA$b00$c20200128$lBLL01$h0448
=CAT  \\$aBATCH-CLA$b00$c20201204$lBLL01$h1608
=CAT  \\$aIPL-CLA$c20201231$lBLL01$h2332
=CAT  \\$aBATCH-CLA$b00$c20221221$lBLL01$h1924
=CAT  \\$aIPL-CLA$c20221231$lBLL01$h2314
=CFI  0\$aCurrent Copyright Fee: GBP25.00$c0$e01-jan-2023$fGBP25.00$g0$hA$5Uk
=CFI  2\$aPrevious Copyright Fee: GBP22.50$c0$e01-jan-2021$fGBP22.50$g0$hA$5Uk
=FIN  \\$aY$d20120419
=FMT  \\$a  BK
=LAS  \\$aIPL-CLA$b00$c20221231$lBLL01$h2314
=SID  \\$aZ39$bOCLC
=TCO  \\$aITA$bAIDRO / SIAE$c008

