=LDR  03617cam a2200865 a 4500
=001  015793854
=003  Uk
=005  20221231230438.0
=008  110311s2010\\\\it\ab\\\\b\\\\001\0\fre\d
=010  \\$a  2011365815
=020  \\$a9782728308644 (pbk.) :$c77.00 EUR
=020  \\$a2728308640 (pbk.) :$c77.00 EUR
=035  \\$a(OCoLC)707459656
=035  \\$a(ItFiC)it 11007095
=040  \\$aItFiC$beng$cItFiC$dDLC$dUk
=042  \\$aukblsr
=043  \\$ae-it---
=045  \\$ao0s9
=050  \4$aN8079.5$b.B764 2010
=082  04$a738.509458230902$223
=100  1\$aBrodbeck, Sulamith.
=245  14$aLes saints de la Cathédrale de Monreale en Sicile :$biconographie, hagiographie et pouvoir royal à la fin du XIIe siècle /$cSulamith Brodbeck.
=260  \\$a[Rome] :$bÉcole française de Rome,$c2010.
=300  \\$axi, 771 p. :$bill. (chiefly col.), map ;$c28 cm.
=336  \\$atext$2rdacontent
=337  \\$aunmediated$2rdamedia
=338  \\$avolume$2rdacarrier
=490  0\$aCollection de l'École française de Rome,$x0223-5099 ;$v432
=500  \\$aRevised Ph.D. thesis--Universite Paris I Pantheon Sorbonne, 2005.
=504  \\$aIncludes bibliographical references (p. 243-269) and index.
=540  \\$aCurrent Copyright Fee: GBP25.00$c0$5Uk
=610  20$aDuomo di Monreale.
=650  \0$aSaints in art.
=650  \0$aMosaics, Medieval$zItaly$zMonreale$xByzantine influences.
=650  \0$aChristian art and symbolism$zItaly$zMonreale$yMedieval, 500-1500.
=651  \0$aMonreale (Italy)$xChurch history.
=710  2\$aÉcole française de Rome.
=852  41$aBritish Library$bDSC$j3310.417000
=852  41$aBritish Library$bHMNTS$jAc.5233.a.[....]
=852  41$aBritish Library$bHMNTS
=852  41$aBritish Library$bHMNTS$jAc.5233.a.[432]
=856  42$uhttp://digital.casalini.it/9782728308644
=856  41$3Table of contents only$uhttp://www.loc.gov/catdir/toc/casalini09/11007095.pdf
=ACF  \\$aPrevious copyright fee: GBP12.00$c0$e01-jan-2012$fGBP12.00$g0$hA$5Uk
=ACF  \\$aPrevious Copyright Fee: GBP12.30$c0$e01-jan-2014$fGBP12.30$g0$hA$5Uk
=ACF  \\$aPrevious Copyright Fee: GBP15.00$c0$e01-jan-2017$fGBP15.00$g0$hA$5Uk
=ACF  \\$aPrevious Copyright Fee: GBP20.00$c0$e01-jan-2020$fGBP20.00$g0$hA$5Uk
=CAT  \\$a8197$b40$c20110419$lBLL01$h1053
=CAT  \\$a8411$b40$c20110419$lBLL01$h1440
=CAT  \\$a12640$b40$c20110718$lBLL01$h1736
=CAT  \\$aBATCH-CLA$b00$c20120928$lBLL01$h1839
=CAT  \\$aBATCH-CLA$b00$c20120930$lBLL01$h1050
=CAT  \\$aBATCH-CLA$b00$c20130508$lBLL01$h0738
=CAT  \\$aBATCH-CLA$c20131220$lBLL01$h2111
=CAT  \\$aIPL-CLA$c20140101$lBLL01$h0145
=CAT  \\$aBATCH-CLA$b00$c20161222$lBLL01$h1833
=CAT  \\$aIPL-CLA$c20161230$lBLL01$h2353
=CAT  \\$aBATCH-CLA$b00$c20171222$lBLL01$h2207
=CAT  \\$aIPL-CLA$c20171231$lBLL01$h1807
=CAT  \\$aBATCH-CLA$b00$c20191219$lBLL01$h1756
=CAT  \\$aIPL-CLA$c20191231$lBLL01$h2027
=CAT  \\$aR2001-1524$c20200127$lBLL01$h2053
=CAT  \\$aBATCH-CLA$b00$c20200128$lBLL01$h0448
=CAT  \\$aBATCH-CLA$b00$c20201204$lBLL01$h1606
=CAT  \\$aIPL-CLA$c20201231$lBLL01$h2327
=CAT  \\$aBATCH-CLA$b00$c20221221$lBLL01$h1922
=CAT  \\$aIPL-CLA$c20221231$lBLL01$h2304
=CFI  0\$aCurrent Copyright Fee: GBP25.00$c0$e01-jan-2023$fGBP25.00$g0$hA$5Uk
=CFI  2\$aPrevious Copyright Fee: GBP22.50$c0$e01-jan-2021$fGBP22.50$g0$hA$5Uk
=FIN  \\$aY$d20110718
=FMT  \\$a  BK
=LAS  \\$aIPL-CLA$b00$c20221231$lBLL01$h2304
=SID  \\$aZ39$bOCLC
=SRC  \\$aBLL02
=TCO  \\$aITA$bAIDRO / SIAE$c008

