=LDR  02129pam a2200661 a 4500
=001  012279445
=003  Uk
=005  20060112172152.0
=008  030514s2004\\\\mdu\\\\\\b\\\\001\0\eng\\
=010  \\$a  2003011175
=015  \\$aGBA4Z4922$2bnb
=016  7\$a012279445$2Uk
=019  y\$abA4Z4922
=019  9\$a1578860636
=020  \\$a1578860636 (pbk) :$c£17.95
=039  0\$a2775
=040  \\$aStDuBDS$dUk
=042  \\$aukblsr
=050  00$aLB1057$b.M67 2004
=082  00$a370.152$221
=100  10$aMorgan, Harry,$d1926-
=245  10$aReal learning :$ba bridge to cognitive neuroscience /$cHarry Morgan.
=250  \\$a1st ed.
=260  \\$aLanham, Md. :$bScarecrow ;$aOxford :$bOxford Publicity Partnership,$c2004.
=300  \\$axiv, 149 p. ;$c23 cm.
=336  \\$atext$2rdacontent
=337  \\$aunmediated$2rdamedia
=338  \\$avolume$2rdacarrier
=500  \\$aFormerly CIP.$5Uk
=504  \\$aIncludes bibliographical references (p. 129-147) and index.
=598  \\$aPROV.RECORD
=650  \0$aEducational psychology.
=650  \0$aLearning$xPhysiological aspects.
=650  \0$aCognitive neuroscience.
=852  41$aBritish Library$bHMNTS
=852  41$aBritish Library$bDSC$jm04/15181
=856  41$3Table of contents$uhttp://www.loc.gov/catdir/toc/ecip044/2003011175.html
=966  \\$lACQUIS 18/02/2004
=BUF  \\$aN$d20060112
=CAT  \\$aCONV$b00$c20040425$lBLL90$h0540
=CAT  \\$aCONV$b00$c20040502$lBLL01$h1504
=CAT  \\$a10982$b40$c20050805$lBLL01$h0827
=CAT  \\$c20050913$lBLL01$h1702
=CAT  \\$aBATCH-BUOC$b00$c20060112$lBLL01$h1721
=CAT  \\$c20060124$lBLL01$h1654
=CAT  \\$aglobal_upd$b40$c20060417$lBLL01$h1421
=CAT  \\$aBATCH$b00$c20091123$lBLL01$h0117
=CAT  \\$aWR16_021$c20160610$lBLL01$h1937
=CAT  \\$aBATCH-UPD$b00$c20160610$lBLL01$h1947
=FIN  \\$aY
=FMT  \\$a  BK
=LAS  \\$aBATCH-UPD$b00$c20160610$lBLL01$h1947
=LDO  \\$aCIP
=LEO  \\$aMP5.0000361436
=LEO  \\$aMP8.0001868151
=SRC  \\$aBNB03$bbibmp5.200404.2.aa
=SRC  \\$aDSC01$bbibmp8.200404.2.ac
=SRC  \\$aLDS01$bbiblm.200404.2.aa

