=LDR  02712pam a2200721 a 4500
=001  012282836
=003  Uk
=005  20051205155403.0
=008  030513s2004\\\\txua\\\\\b\\\\001\0deng\\
=010  \\$a2003010954  
=015  \\$aGBA3T8093$2bnb
=016  7\$a012282836$2Uk
=019  y\$abA3T8093
=019  9\$a1585442739
=020  \\$a1585442739 (cloth : alk. paper) :$c£28.50
=039  0\$a2766
=040  \\$aStDuBDS$dUk
=042  \\$aukblsr
=043  \\$an-us---
=050  00$aE176.1$b.T69 2004
=082  00$a973.910922$222
=100  1\$aTowle, Michael J.,$d1962-
=245  10$aOut of touch :$bthe presidency and public opinion /$cMichael J. Towle.
=250  \\$a1st ed.
=260  \\$aCollege Station, Tex. :$bTexas A&M University Press ;$a[London :$bEurospan, distributor],$c2004.
=300  \\$aix, 162 p. :$bill. ;$c25 cm.
=336  \\$atext$2rdacontent
=337  \\$aunmediated$2rdamedia
=338  \\$avolume$2rdacarrier
=490  1\$aThe presidency and leadership ;$vno. 16
=500  \\$aFormerly CIP.$5Uk
=504  \\$aIncludes bibliographical references (p. 151-154) and index.
=600  14$aTruman, Harry S.,$d1884-1972$xPublic opinion.
=600  14$aJohnson, Lyndon B.$q(Lyndon Baines),$d1908-1973$xPublic opinion.
=600  14$aCarter, Jimmy,$d1924-$xPublic opinion.
=600  10$aTruman, Harry S.,$d1884-1972$xPublic opinion.
=600  10$aJohnson, Lyndon B.$q(Lyndon Baines),$d1908-1973$xPublic opinion.
=600  10$aCarter, Jimmy,$d1924-$xPublic opinion.
=650  \0$aPresidents$zUnited States$xHistory$y20th century.
=650  \0$aPresidents$zUnited States$xPublic opinion$xHistory$y20th century.
=650  \0$aPublic opinion$zUnited States$xHistory$y20th century.
=650  \0$aPresidents$zUnited States$vBiography.
=651  \0$aUnited States$xPolitics and government$y1945-1989.
=830  \0$aPresidency and leadership ;$vno. 16.
=852  41$aBritish Library$bDSC
=852  41$aBritish Library$bHMNTS$jYC.2005.a.14135
=856  41$3Table of contents$uhttp://www.loc.gov/catdir/toc/ecip044/2003010954.html
=CAT  \\$aCONV$b00$c20040425$lBLL90$h0540
=CAT  \\$aCONV$b00$c20040502$lBLL01$h1504
=CAT  \\$a6098$b40$c20050628$lBLL01$h1606
=CAT  \\$a5004$b40$c20051205$lBLL01$h1554
=CAT  \\$aBATCH$b00$c20091217$lBLL01$h0254
=CAT  \\$aBATCH-UPD$b00$c20100124$lBLL01$h1954
=CAT  \\$aWR16_021$c20160610$lBLL01$h1937
=CAT  \\$aBATCH-UPD$b00$c20210530$lBLL01$h2123
=FIN  \\$aY$d20050628
=FMT  \\$a  BK
=LAS  \\$aBATCH-UPD$b00$c20210530$lBLL01$h2123
=LDO  \\$aCIP
=LEO  \\$aMP5.0000366008
=SRC  \\$aBNB03$bbibmp5.200404.2.aa
=SRC  \\$aLDS01$bbiblm.200404.2.aa
=SRC  \\$aBLL02

