=LDR  02025aam a2200541 a 4500
=001  012873037
=003  Uk
=005  20080131140612.0
=008  040608s2005\\\\nyua\\\\\\\\\\000\0\eng\\
=010  \\$a2004054664  
=015  \\$aGBA4X8079$2bnb
=016  7\$a012873037$2Uk
=020  \\$a0071434836 (hbk):$c£65.00
=040  \\$aStDuBDS$beng$cStDuBDS$dUk
=042  \\$aukblsr
=050  00$aTK7868.P6$bM36 2005
=082  04$a621.381044$222
=100  1\$aManiktala, Sanjaya.
=245  10$aSwitching power supply design optimization /$cSanjaya Maniktala.
=260  \\$aNew York ;$aLondon :$bMcGraw-Hill,$cc2005.
=300  \\$axvii, 395 p. :$bill. ;$c24 cm.
=336  \\$atext$2rdacontent
=337  \\$aunmediated$2rdamedia
=338  \\$avolume$2rdacarrier
=490  1\$aMcGraw-Hill professional engineering. Electronic engineering
=500  \\$aFormerly CIP.$5Uk
=650  \0$aSwitching power supplies.
=650  \0$aElectronic apparatus and appliances$xPower supply.
=650  \0$aElectric current converters.
=830  \0$aMcGraw-Hill professional engineering.$pElectronic engineering.
=852  11$aBritish Library$bHMNTS$jYC.2016.a.11204
=852  \\$aBritish Library$bHMNTS
=856  42$3Publisher description$uhttp://www.loc.gov/catdir/description/mh051/2004054664.html
=856  42$3Contributor biographical information$uhttp://www.loc.gov/catdir/bios/mh051/2004054664.html
=856  41$3Table of contents$uhttp://www.loc.gov/catdir/toc/mh051/2004054664.html
=985  \\$aDQ manual upgrade 20080131
=BUF  \\$aR$d20070316
=CAT  \\$aBATCH$b00$c20040530$lBLL01$h1009
=CAT  \\$c20040530$lBLL01$h1010
=CAT  \\$aCIPCORR$c20040613$lBLL01$h1856
=CAT  \\$a12664$b40$c20070316$lBLL01$h0958
=CAT  \\$a11251$b40$c20080131$lBLL01$h1406
=CAT  \\$aBATCH$b00$c20091217$lBLL01$h0317
=CAT  \\$aWR16_021$c20160610$lBLL01$h1939
=CAT  \\$aBATCH-UPD$b00$c20160610$lBLL01$h1953
=FIN  \\$aY$d20070316
=FMT  \\$a  BK
=LAS  \\$aBATCH-UPD$b00$c20160610$lBLL01$h1953

