=LDR  02193pam a2200529 a 4500
=001  012873283
=003  Uk
=005  20060111123306.0
=008  040219s2004\\\\nju\\\\\\b\\\\001\0\eng\\
=010  \\$a2004003681  
=015  \\$aGBA4X7826$2bnb
=016  7\$a012873283$2Uk
=020  \\$a0471393266 (pbk.) :$c£11.99
=035  \\$a(IeDuTC)IeDuTCb13532192
=040  \\$aStDuBDS$dUk
=042  \\$aukblsr
=050  00$aRC662$b.D537 2004
=082  00$a641.56314$222
=245  04$aThe diabetic gourmet cookbook :$bmore than 200 healthy recipes from homestyle favorites to restaurant classics /$ceditors of the Diabetic Gourmet Magazine.
=260  \\$aHoboken, N.J. ;$aChichester :$bJohn Wiley,$c2004.
=300  \\$aviii, 232 p. ;$c24 cm.
=336  \\$atext$2rdacontent
=337  \\$aunmediated$2rdamedia
=338  \\$avolume$2rdacarrier
=500  \\$aFormerly CIP.$5Uk
=504  \\$aIncludes bibliographical references (p. 225) and indexes.
=505  0\$aDiabetes basics -- The diabetic pantry and kitchen -- Healthy cooking techniques -- Meal planning -- Breakfast and brunch -- Appetizers, soups and salads -- - Entrees -- Side dishes -- Desserts and snacks -- Sauces and condiments.
=650  \0$aDiabetes$xDiet therapy$vRecipes.
=650  \0$aDiabetes$xDiet therapy.
=730  0\$aDiabetic Gourmet Magazine.
=852  41$aBritish Library$bHMNTS
=852  41$aBritish Library$bHMNTS$jYK.2006.a.1566
=856  42$3Contributor biographical information$uhttp://www.loc.gov/catdir/bios/wiley047/2004003681.html
=856  42$3Publisher description$uhttp://www.loc.gov/catdir/description/wiley041/2004003681.html
=856  41$3Table of contents$uhttp://www.loc.gov/catdir/toc/ecip0415/2004003681.html
=CAT  \\$aBATCH$b00$c20040530$lBLL01$h1119
=CAT  \\$aAGENCY7$b40$c20041029$lBLL01$h1134
=CAT  \\$aBATCH$b00$c20050308$lBLL01$h1704
=CAT  \\$c20050308$lBLL01$h1705
=CAT  \\$aBATCH$b00$c20050308$lBLL01$h1705
=CAT  \\$c20050527$lBLL01$h1007
=CAT  \\$a5004$b40$c20060111$lBLL01$h1233
=CAT  \\$aWR16_021$c20160610$lBLL01$h1939
=FIN  \\$aY$d20060111
=FMT  \\$a  BK
=LAS  \\$aWR16_021$b00$c20160610$lBLL01$h1939
=SRC  \\$aBLL02

