=LDR  01972aam a2200553 a 4500
=001  012874554
=003  Uk
=005  20060817213429.0
=008  051015s2006\\\\nyu\\\\\\b\\\\001\0\eng\\
=010  \\$a  2005056287
=015  \\$aGBA4X6536$2bnb
=016  7\$a012874554$2Uk
=020  \\$a0071428070 (pbk.) :$c£7.99
=040  \\$aStDuBDS$beng$cStDuBDS$dUk
=042  \\$aukblsr
=043  \\$ae-fr---
=050  00$aDC34$b.S74 2006
=082  00$a305.8009444$222
=100  1\$aSteele, Ross.
=245  14$aThe French way :$bthe keys to the behavior, attitudes, and customs of the French /$cRoss Steele.
=250  \\$a2nd ed.
=260  \\$aNew York ;$aLondon :$bMcGraw-Hill,$c2006.
=300  \\$axii, 147 p. :$bmaps ;$c23 cm.
=336  \\$atext$2rdacontent
=337  \\$aunmediated$2rdamedia
=338  \\$avolume$2rdacarrier
=500  \\$aFormerly CIP.$5Uk
=504  \\$aIncludes bibliographical references (p. 135-136) and index.
=650  \0$aNational characteristics, French.
=651  \0$aFrance$xSocial life and customs.
=690  7\$aSocial Welfare$2blcoll
=852  41$aBritish Library$bHMNTS$jYK.2006.a.14224
=852  \\$aBritish Library$bHMNTS
=856  42$3Contributor biographical information$uhttp://www.loc.gov/catdir/enhancements/fy0626/2005056287-b.html
=856  42$3Publisher description$uhttp://www.loc.gov/catdir/enhancements/fy0626/2005056287-d.html
=BUF  \\$aN$d20060815
=CAT  \\$aBATCH$b00$c20040530$lBLL01$h1134
=CAT  \\$c20040530$lBLL01$h1136
=CAT  \\$c20040530$lBLL01$h1142
=CAT  \\$aCIPCORR$c20040613$lBLL01$h1856
=CAT  \\$a12271$b40$c20060815$lBLL01$h0937
=CAT  \\$a12271$b40$c20060815$lBLL01$h0939
=CAT  \\$aBATCH-BUOC$b00$c20060817$lBLL01$h2134
=CAT  \\$aBATCH$b00$c20110625$lBLL01$h0508
=CAT  \\$aBATCH-SWP4$c20110627$lBLL01$h1549
=CAT  \\$aWR16_021$c20160610$lBLL01$h1939
=FIN  \\$aY$d20060815
=FMT  \\$a  BK
=LAS  \\$aWR16_021$b00$c20160610$lBLL01$h1939

