=LDR  02213aam a2200577 a 4500
=001  012874969
=003  Uk
=005  20061207191458.0
=008  040205s2004\\\\nyua\\\\\b\\\\001\0\eng\\
=010  \\$a2004002784
=015  \\$aGBA4X6090$2bnb
=016  7\$a012874969$2Uk
=020  \\$a0789025485 (hbk.) :$cNo price
=020  \\$a0789025493 (pbk.) :$cNo price
=040  \\$aStDuBDS$beng$cStDuBDS$dUk
=042  \\$aukblsr
=050  00$aRA401.A1$bI54 2004
=082  04$a344.04233$222
=245  00$aInternational drug regulatory mechanisms /$cAlbert I. Wertheimer, Mickey C. Smith, editors.
=260  \\$aBinghamton, N.Y. :$bPharmaceutical Products Press ;$a[Northam :$bRoundhouse, distributor,$c2004].
=300  \\$axiii, 368 p. :$bill. ;$c22 cm.
=336  \\$atext$2rdacontent
=337  \\$aunmediated$2rdamedia
=338  \\$avolume$2rdacarrier
=500  \\$a"Co-published simultaneously as Journal of pharmaceutical finance, economics & policy, vol. 12, numbers 1, 2, 3, 4, 2003."
=500  \\$aFormerly CIP.$5Uk
=504  \\$aIncludes bibliographical references and index.
=540  \\$aBritish Library not licensed to copy$c0$5Uk
=650  \0$aPharmaceutical policy.
=650  \0$aDrugs$xCosts.
=700  1\$aWertheimer, Albert I.
=700  1\$aSmith, Mickey C.
=730  0\$aJournal of pharmaceutical finance, economics & policy (Print)
=852  41$aBritish Library$bDSC$j5031.870000$iv. 12:pt. 1/4
=852  \\$aBritish Library$bHMNTS
=856  41$3Table of contents$uhttp://www.loc.gov/catdir/toc/ecip0415/2004002784.html
=985  \\$aDQ manual upgrade 20061207
=BUF  \\$aR$d20060111
=CAT  \\$aBATCH$b00$c20040530$lBLL01$h1135
=CAT  \\$c20040530$lBLL01$h1136
=CAT  \\$c20040530$lBLL01$h1142
=CAT  \\$aCIPCORR$c20040613$lBLL01$h1856
=CAT  \\$a9504$b40$c20060111$lBLL01$h1222
=CAT  \\$a11251$b40$c20061207$lBLL01$h1914
=CAT  \\$aBATCH-CLA$b00$c20130527$lBLL01$h0124
=CAT  \\$aWR16_021$c20160610$lBLL01$h1939
=CAT  \\$aBATCH-CLA$b00$c20160611$lBLL01$h0140
=CFI  0\$aBritish Library not licensed to copy$c0$e07-sep-2011$hC$iTX$5Uk
=FIN  \\$aY$d20060111
=FMT  \\$a  BK
=LAS  \\$aBATCH-CLA$b00$c20160611$lBLL01$h0140

