=LDR  01790pam a2200517 a 4500
=001  012874994
=003  Uk
=005  20060223105905.0
=008  031113s2004\\\\caua\\\\\b\\\\001\0\eng\\
=010  \\$a2003025165  
=015  \\$aGBA4X6064$2bnb
=016  7\$a012874994$2Uk
=020  \\$a0804744777 (pbk.) :$c£18.95
=020  \\$a0804744769 (cased) :$c£43.95
=040  \\$aStDuBDS$dUk
=042  \\$aukblsr
=043  \\$ae-ne---
=050  00$aND1452.N43$bS24 2004
=082  00$a754.0949209032$222
=100  10$aSalomon, Nanette.
=245  10$aShifting priorities :$bgender and genre in seventeenth-century Dutch painting /$cNanette Salomon.
=260  \\$aStanford, Calif. :$bStanford University Press ;$a[London :$bEurospan, distributor],$c2004.
=300  \\$axi, 163 p. :$bill. ;$c27 cm.
=336  \\$atext$2rdacontent
=337  \\$aunmediated$2rdamedia
=338  \\$avolume$2rdacarrier
=500  \\$aFormerly CIP.$5Uk
=504  \\$aIncludes bibliographical references (p. [141]-153) and index.
=650  \0$aGenre painting, Dutch$y17th century.
=650  \0$aSymbolism in art.
=650  \0$aGender identity in art.
=852  41$aBritish Library$bHMNTS$jYC.2006.b.944
=852  \\$aBritish Library$bHMNTS
=856  41$3Table of contents$uhttp://www.loc.gov/catdir/toc/fy046/2003025165.html
=CAT  \\$aBATCH$b00$c20040530$lBLL01$h1135
=CAT  \\$c20040530$lBLL01$h1136
=CAT  \\$c20040530$lBLL01$h1142
=CAT  \\$aCIPCORR$c20040613$lBLL01$h1858
=CAT  \\$a12325$b40$c20050126$lBLL01$h1616
=CAT  \\$a9523$b40$c20060223$lBLL01$h1059
=CAT  \\$aBATCH-UPD$b40$c20140924$lBLL01$h1657
=CAT  \\$aWR16_021$c20160610$lBLL01$h1939
=FIN  \\$aY$d20060223
=FMT  \\$a  BK
=LAS  \\$aWR16_021$b00$c20160610$lBLL01$h1939
=SRC  \\$aBLL02

