=LDR  04549cam a22008774a 4500
=001  012875016
=003  Uk
=005  20230302175623.0
=008  030523s2004\\\\dcu\\\\\\b\\\\001\0\eng\\
=010  \\$a  2003011984
=015  \\$aGBA4X6038$2bnb
=016  7\$a012875016$2Uk
=020  \\$a0813213711 (alk. paper) :$c£46.95
=040  \\$aDLC$cDLC$dDLC$dUk
=042  \\$aukblsr
=050  00$aB2799.M5$bM45 2004
=082  00$a193$222
=100  10$aMelnick, Arthur.
=245  10$aThemes in Kant's metaphysics and ethics /$cArthur Melnick.
=260  \\$aWashington, D.C. :$bCatholic University of America Press ;$a[London :$bEurospan, distributor],$cc2004.
=300  \\$aix, 275 p. ;$c24 cm.
=336  \\$atext$2rdacontent
=337  \\$aunmediated$2rdamedia
=338  \\$avolume$2rdacarrier
=490  1\$aStudies in philosophy and the history of philosophy ;$vv. 40
=504  \\$aIncludes bibliographical references (p. 269-272) and index.
=505  0\$apt. 1. The transcendental aesthetic -- The consistency of Kant's theory of space and time -- Kant vs. Lambert and Trendelenburg on the ideality of time -- pt. 2. The transcendental deduction -- Apperception and the premise of Kant's transcendental deduction -- Categories, logical functions, and schemata in Kant -- A modified version of Kant's theory of cognition -- pt. 3. The principles -- Kant's proofs of causation and substance -- Kant's refutation of idealism in the B edition -- pt. 4. Things in themselves -- Kant on things in themselves -- Kant's proof of transcendental idealism in the first antinomy -- Macroscopic facts, quantum mechanics, and metaphysical realism -- pt. 5. Freedom and morality -- Reason, freedom, and determinism in Kant's third antinomy -- Kant's formulations of the categorical imperative -- The rational justification of morality.
=540  \\$aCurrent Copyright Fee: GBP25.00$c0$5Uk
=600  10$aKant, Immanuel,$d1724-1804$xContributions in metaphysics.
=600  10$aKant, Immanuel,$d1724-1804$xContributions in ethics.
=650  \0$aMetaphysics.
=650  \0$aEthics.
=830  \0$aStudies in philosophy and the history of philosophy ;$vv. 40.
=852  41$aBritish Library$bDSC$j8491.220400$iv. 40.
=852  \\$aBritish Library$bHMNTS
=856  41$3Table of contents$uhttp://www.loc.gov/catdir/toc/ecip044/2003011984.html
=ACF  \\$aPrevious Copyright Fee: GBP6.00$c0$e01-oct-2013$fGBP6.00$g0$hC$5Uk
=ACF  \\$aPrevious Copyright Fee: GBP6.25$c0$e01-jan-2014$fGBP6.25$g0$hC$5Uk
=ACF  \\$aPrevious Copyright Fee: GBP6.06$c0$e01-jul-2014$fGBP6.06$g0$hC$5Uk
=ACF  \\$aPrevious Copyright Fee: GBP6.67$c0$e01-apr-2015$fGBP6.67$g0$hC$5Uk
=ACF  \\$aPrevious Copyright Fee: GBP6.90$c0$e01-apr-2016$fGBP6.90$g0$hC$5Uk
=ACF  \\$aPrevious Copyright Fee: GBP7.59$c0$e01-jul-2016$fGBP7.59$g0$hC$5Uk
=ACF  \\$aPrevious Copyright Fee: GBP8.15$c0$e01-oct-2016$fGBP8.15$g0$hC$5Uk
=ACF  \\$aPrevious Copyright Fee: GBP20.00$c0$e01-jan-2020$fGBP20.00$g0$hC$5Uk
=CAT  \\$aBATCH$b00$c20040530$lBLL01$h1135
=CAT  \\$aBATCH-CLA$b00$c20131202$lBLL01$h0322
=CAT  \\$aIPL-CLA$c20131231$lBLL01$h2335
=CAT  \\$aBATCH-CLA$b00$c20140628$lBLL01$h1338
=CAT  \\$aIPL-CLA$c20140630$lBLL01$h1720
=CAT  \\$aBATCH-CLA$b00$c20150325$lBLL01$h1822
=CAT  \\$aBATCH-UPD$b00$c20150325$lBLL01$h2252
=CAT  \\$aIPL-CLA$c20150331$lBLL01$h1635
=CAT  \\$aBATCH-CLA$b00$c20150928$lBLL01$h1737
=CAT  \\$aIPL-CLA$c20150930$lBLL01$h1802
=CAT  \\$aBATCH-CLA$b00$c20160325$lBLL01$h0922
=CAT  \\$aIPL-CLA$c20160331$lBLL01$h1723
=CAT  \\$aWR16_021$c20160610$lBLL01$h1939
=CAT  \\$aBATCH-CLA$b00$c20160611$lBLL01$h0141
=CAT  \\$aIPL-CLA$c20160630$lBLL01$h1605
=CAT  \\$aBATCH-CLA$b00$c20160926$lBLL01$h1720
=CAT  \\$aIPL-CLA$c20160930$lBLL01$h1600
=CAT  \\$aBATCH-CLA$b00$c20161221$lBLL01$h2018
=CAT  \\$aIPL-CLA$c20161230$lBLL01$h2122
=CAT  \\$aBATCH-CLA$b00$c20171221$lBLL01$h1307
=CAT  \\$aIPL-CLA$c20171231$lBLL01$h1630
=CAT  \\$aBATCH-CLA$b00$c20200218$lBLL01$h0427
=CAT  \\$aBATCH-CLA$b00$c20201203$lBLL01$h1404
=CAT  \\$aIPL-CLA$c20201231$lBLL01$h2150
=CAT  \\$aBATCH-CLA$b00$c20221206$lBLL01$h1726
=CAT  \\$aIPL-CLA$c20221231$lBLL01$h2054
=CAT  \\$aBATCH-CLA$b00$c20230302$lBLL01$h1756
=CFI  0\$aCurrent Copyright Fee: GBP25.00$c0$e09-feb-2023$fGBP25.00$g0$hC$5Uk
=FIN  \\$aY
=FMT  \\$a  BK
=LAS  \\$aBATCH-CLA$b00$c20230302$lBLL01$h1756
=TCO  \\$aTRS$bCCC$c008

