=LDR  02763pam a2200565 a 4500
=001  012875155
=003  Uk
=005  20041201140353.0
=008  031003s2004\\\\mauc\\\\\b\\\\001\0\eng\\
=010  \\$a2003021869
=015  \\$aGBA4X5896$2bnb
=016  7\$a012875155$2Uk
=020  \\$a1555536085 (cloth : alk. paper) :$c£33.95
=020  \\$a1555536077 (pbk. : alk. paper) :$c£13.50
=040  \\$aStDuBDS$dUk
=042  \\$aukblsr
=043  \\$an-us---
=050  00$aE185.86$b.P666 2004
=082  00$a305.48896073$222
=100  1\$aPough, Gwendolyn D.,$d1970-
=245  10$aCheck it while I wreck it :$bBlack womanhood, hip hop culture, and the public sphere /$cGwendolyn D. Pough.
=260  \\$aBoston ;$a[Great Britain] :$bNortheastern University Press,$cc2004.
=300  \\$axiii, 265 p. :$bports. ;$c24 cm.
=336  \\$atext$2rdacontent
=337  \\$aunmediated$2rdamedia
=338  \\$avolume$2rdacarrier
=500  \\$aFormerly CIP.$5Uk
=504  \\$aIncludes bibliographical references (p. [245]-253) and index.
=505  0\$aHip hop is more than just music to me : the potential for a movement in the culture -- Bringing wreck : theorizing race, rap, gender, and the public sphere -- My cipher keeps movin' like a rollin' stone : Black women's expressive cultures and Black feminist legacies -- I bring wreck to those who disrespect me like a dame : women, rap, and the rhetoric of wreck -- (Re)reconstructing womanhood : Black women's narratives in hip hop culture -- Girls in the hood and other ghetto dramas : representing Black womanhood in hip hop cinema and novels -- Hip hop soul mate? : Hip hop soul divas and rap music, critiquing the love that hate produced -- You can't see me/you betta recognize : using rap to bridge gaps in the classroom -- Imagining images : Black womanhood in the 21st century.
=650  \0$aAfrican American women$xSocial conditions.
=650  \0$aHip-hop$zUnited States.
=650  \0$aRap (Music)$xHistory and criticism.
=650  \0$aPopular culture$zUnited States.
=690  7\$aSocial Welfare$2blcoll
=852  41$aBritish Library$bHMNTS
=852  41$aBritish Library$bDSC$jm04/33919
=856  41$3Table of contents$uhttp://www.loc.gov/catdir/toc/ecip049/2003021869.html
=CAT  \\$aBATCH$b00$c20040530$lBLL01$h1135
=CAT  \\$c20040530$lBLL01$h1136
=CAT  \\$c20040530$lBLL01$h1143
=CAT  \\$aCIPCORR$c20040613$lBLL01$h1856
=CAT  \\$aAGENCY14$b40$c20041130$lBLL01$h1149
=CAT  \\$a9523$b40$c20041201$lBLL01$h1403
=CAT  \\$aBATCH$b00$c20110625$lBLL01$h0521
=CAT  \\$aBATCH-SWP4$c20110627$lBLL01$h1604
=CAT  \\$aWR16_021$c20160610$lBLL01$h1939
=FIN  \\$aY
=FMT  \\$a  BK
=LAS  \\$aWR16_021$b00$c20160610$lBLL01$h1939
=SID  \\$aZ39$bLOC

