=LDR  02716aam a2200649 a 4500
=001  012875647
=003  Uk
=005  20071115221508.0
=008  040113s2004\\\\xxu\\\\\\\\\\\001\0\eng\\
=010  \\$a  2003026026
=015  \\$aGBA4X5436$2bnb
=016  7\$a012875647$2Uk
=020  \\$a0292705433 :$c£61.00
=020  \\$a0292702639 (pbk.) :$c£22.95
=040  \\$aStDuBDS$beng$cStDuBDS$dUk
=042  \\$aukblsr
=082  00$a391.0098532$222
=100  1\$aFemenias, Blenda.
=245  10$aGender and the boundaries of dress in contemporary Peru /$cBlenda B. Femenías.
=260  \\$aAustin, Tex. :$bUniversity of Texas Press ;$aChesham :$bCombined Academic,$c2004.
=300  \\$axv, 368 p. :$bill., maps ;$c23cm.
=336  \\$atext$2rdacontent
=337  \\$aunmediated$2rdamedia
=338  \\$avolume$2rdacarrier
=490  1\$aLouan Atkins temple women & culture series
=500  \\$aFormerly CIP.$5Uk
=504  \\$aIncludes bibliographical references (p. [323]-353) and index.
=540  \\$aBritish Library not licensed to copy$c0$5Uk
=650  \0$aIndian women$xClothing$zPeru$zColca River Valley (Arequipa)
=650  \0$aIndian textile fabrics$zPeru$zColca River Valley (Arequipa)
=650  \0$aIndian embroidery$zPeru$zColca River Valley (Arequipa)
=650  \0$aCostume$xSymbolic aspects$zPeru$zColca River Valley (Arequipa)
=650  \0$aCostume$xPsychological aspects$zPeru$zColca River Valley (Arequipa)
=650  \0$aBody, Human$xSymbolic aspects$zPeru$zColca River Valley (Arequipa)
=651  \0$aColca River Valley (Arequipa, Peru)$xSocial life and customs.
=830  \0$aLouan Atkins temple women & culture series
=852  41$aBritish Library$bDSC$j5294.899380$iv. 6
=852  \\$aBritish Library$bHMNTS
=856  42$3Publisher description$uhttp://www.loc.gov/catdir/description/texas041/2003026026.html
=856  41$3Table of contents$uhttp://www.loc.gov/catdir/toc/texas041/2003026026.html
=BUF  \\$aN$d20070108
=CAT  \\$aBATCH$b00$c20040530$lBLL01$h1337
=CAT  \\$c20040530$lBLL01$h1339
=CAT  \\$c20040530$lBLL01$h1345
=CAT  \\$aCIPCORR$c20040613$lBLL01$h1856
=CAT  \\$a9504$b40$c20070108$lBLL01$h1620
=CAT  \\$aBATCH-BUOC$b00$c20071115$lBLL01$h2215
=CAT  \\$aBATCH$b00$c20091217$lBLL01$h0317
=CAT  \\$aWR16_021$c20160610$lBLL01$h1940
=CAT  \\$aBATCH-UPD$b00$c20160610$lBLL01$h2005
=CAT  \\$aBATCH-CLA$b00$c20160611$lBLL01$h0141
=CAT  \\$aBATCH-UPD$b00$c20170924$lBLL01$h2108
=CAT  \\$aBATCH-CLA$b00$c20170925$lBLL01$h0112
=CFI  0\$aBritish Library not licensed to copy$c0$e07-sep-2011$hC$iTX$5Uk
=FIN  \\$aY$d20070108
=FMT  \\$a  BK
=LAS  \\$aBATCH-CLA$b00$c20170925$lBLL01$h0112

