=LDR  01954aam a2200529 a 4500
=001  012876315
=003  Uk
=005  20071213214526.0
=008  070104s2008\\\\flua\\\\\b\\\\001\0\eng\\
=010  \\$a  2007000170
=015  \\$aGBA4X4744$2bnb
=016  7\$a012876315$2Uk
=020  \\$a9781584884170 (cased) :$c£69.99
=020  \\$a1584884177 (cased) :$c£69.99
=040  \\$aStDuBDS$beng$cStDuBDS$dUk
=042  \\$aukblsr
=050  00$aTA405$b.O88 2008
=082  00$a620.112$222
=100  1\$aOstoja-Starzewski, Martin.
=245  10$aMicrostructural randomness and scaling in mechanics of materials /$cMartin Ostoja-Starzewski.
=260  \\$aBoca Raton, Fla. ;$aLondon :$bChapman & Hall/CRC,$cc2008.
=300  \\$axxv, 471 p. :$bill. ;$c25 cm.
=336  \\$atext$2rdacontent
=337  \\$aunmediated$2rdamedia
=338  \\$avolume$2rdacarrier
=490  1\$aCRC series--modern mechanics and mathematics
=500  \\$aFormerly CIP.$5Uk
=504  \\$aIncludes bibliographical references (p. 435-458) and indexes.
=650  \0$aStrength of materials.
=830  \0$aCRC series--modern mechanics and mathematics.
=852  41$aBritish Library$bHMNTS$jYK.2007.a.20878
=852  \\$aBritish Library$bHMNTS
=856  41$3Table of contents only$uhttp://www.loc.gov/catdir/toc/ecip078/2007000170.html
=856  42$3Publisher description$uhttp://www.loc.gov/catdir/enhancements/fy0710/2007000170-d.html
=BUF  \\$aN$d20071205
=CAT  \\$aBATCH$b00$c20040530$lBLL01$h1337
=CAT  \\$c20040530$lBLL01$h1339
=CAT  \\$c20040530$lBLL01$h1345
=CAT  \\$aCIPCORR$c20040613$lBLL01$h1856
=CAT  \\$a6524$b40$c20071205$lBLL01$h0926
=CAT  \\$aBATCH-BUOC$b00$c20071213$lBLL01$h2145
=CAT  \\$aBATCH$b00$c20091217$lBLL01$h0318
=CAT  \\$aWR16_021$c20160610$lBLL01$h1940
=CAT  \\$aBATCH-UPD$b00$c20160610$lBLL01$h2007
=FIN  \\$aY$d20071205
=FMT  \\$a  BK
=LAS  \\$aBATCH-UPD$b00$c20160610$lBLL01$h2007

