=LDR  01687aam a2200493 a 4500
=001  012876915
=003  Uk
=005  20080605214518.0
=008  040810s2004\\\\sa\\\\\\\\\\\\000\f\eng\d
=010  \\$a  2004418607
=015  \\$aGBA4X4148$2bnb
=016  7\$a012876915$2Uk
=020  \\$a0795701780 (pbk.) :$c£12.95
=040  \\$aStDuBDS$beng$cStDuBDS$dUk
=042  \\$aukblsr
=043  \\$af-sa---
=050  00$aPR9369.4.O67$bI15 2004
=082  00$a823.92$222
=100  1\$aOppel, Martin,$d1949-
=245  10$aI loved that place Tdjouboegas /$cMartin Oppel.
=250  \\$a1st ed.
=260  \\$aCape Town :$bKwela ;$aLondon :$bGlobal,$c2004.
=300  \\$a112 p. ;$c22 cm.
=336  \\$atext$2rdacontent
=337  \\$aunmediated$2rdamedia
=338  \\$avolume$2rdacarrier
=500  \\$aFormerly CIP.$5Uk
=650  \0$aIndigenous peoples$xLand tenure$zSouth Africa$zNamaqualand$vFiction.
=651  \0$aNamaqualand (South Africa)$vFiction.
=852  41$aBritish Library$bOC$jYD.2008.a.5109
=852  \\$aBritish Library$bHMNTS
=856  42$3Contributor biographical information$uhttp://www.loc.gov/catdir/bios/ipg051/2004418607.html
=856  42$3Publisher description$uhttp://www.loc.gov/catdir/enhancements/fy0621/2004418607-d.html
=BUF  \\$aN$d20080602
=CAT  \\$aBATCH$b00$c20040530$lBLL01$h1348
=CAT  \\$c20040530$lBLL01$h1350
=CAT  \\$c20040530$lBLL01$h1356
=CAT  \\$aCIPCORR$c20040613$lBLL01$h1857
=CAT  \\$a5703$b40$c20080602$lBLL01$h1412
=CAT  \\$aBATCH-BUOC$b00$c20080605$lBLL01$h2145
=CAT  \\$aWR16_021$c20160610$lBLL01$h1940
=FIN  \\$aY$d20080602
=FMT  \\$a  BK
=LAS  \\$aWR16_021$b00$c20160610$lBLL01$h1940

