=LDR  01895cam a2200541 a 4500
=001  012877285
=003  Uk
=005  20230331164023.0
=008  040518s2005\\\\nyua\\\\\be\\\001\0\eng\\
=010  \\$a  2004011708
=015  \\$aGBA4X3757$2bnb
=016  7\$a012877285$2Uk
=020  \\$a1579583857 (hbk.) :$c£135.00
=035  \\$a(OCoLC)ocm55600786
=040  \\$aStDuBDS$dUk
=042  \\$aukblsr
=050  00$aQA427$b.E53 2005
=082  00$a003.75$222
=084  \\$a30.02$2bcl
=245  00$aEncyclopedia of nonlinear science /$cAlwyn Scott, editor.
=260  \\$aNew York, N.Y. ;$aLondon :$bRoutledge,$c2005.
=300  \\$axliii, 1053 p. :$bill. (some col.) ;$c29 cm.
=336  \\$atext$2rdacontent
=337  \\$aunmediated$2rdamedia
=338  \\$avolume$2rdacarrier
=500  \\$aFormerly CIP.$5Uk
=504  \\$aIncludes bibliographical references and index.
=540  \\$aCurrent Copyright Fee: GBP34.00$c0$5Uk
=650  \0$aNonlinear theories$vEncyclopedias.
=700  1\$aScott, Alwyn,$d1931-
=852  41$aBritish Library$bDSC$jQ003.75
=852  11$aBritish Library$bSTI$k(B)$h003.75
=852  \\$aBritish Library$bHMNTS
=856  41$3Table of contents$uhttp://www.loc.gov/catdir/toc/ecip0418/2004011708.html
=856  42$3Publisher description$uhttp://www.loc.gov/catdir/enhancements/fy0647/2004011708-d.html
=CAT  \\$aBATCH$b00$c20040530$lBLL01$h1348
=CAT  \\$c20040530$lBLL01$h1350
=CAT  \\$c20040530$lBLL01$h1356
=CAT  \\$aCIPCORR$c20040613$lBLL01$h1857
=CAT  \\$a6632$b40$c20060714$lBLL01$h1610
=CAT  \\$aWR16_021$c20160610$lBLL01$h1941
=CAT  \\$aBATCH-CLAB$c20230324$lBLL01$h1356
=CAT  \\$aIPL-CLA$c20230331$lBLL01$h1640
=CFI  0\$aCurrent Copyright Fee: GBP34.00$c0$e01-apr-2023$fGBP34.00$g0$hC$5Uk
=FIN  \\$aY$d20060714
=FMT  \\$a  BK
=LAS  \\$aIPL-CLA$b00$c20230331$lBLL01$h1640
=SRC  \\$aBLL02

