=LDR  02113pam a2200553 a 4500
=001  012880810
=003  Uk
=005  20060313090825.0
=008  040204s2004\\\\ilu\\\\\\bd\\\000\0\eng\\
=010  \\$a2004002570  
=015  \\$aGBA4X0213$2bnb
=016  7\$a012880810$2Uk
=020  \\$a0821415840 :$c£43.95
=040  \\$aStDuBDS$dUk
=042  \\$aukblsr
=050  00$aPL5076$b.S7 2004
=082  00$a499.221321$222
=100  1\$aStevens, Alan M.
=245  12$aA comprehensive Indonesian-English dictionary /$cAlan M. Stevens and A. Ed. Schmidgall-Tellings.
=260  \\$aAthens, Ohio :$bOhio University Press, in association with the American Indonesian Chamber of Commerce ;$a[London :$bEurospan, distributor],$cc2004.
=300  \\$axviii, 1103 p. ;$c27 cm.
=336  \\$atext$2rdacontent
=337  \\$aunmediated$2rdamedia
=338  \\$avolume$2rdacarrier
=500  \\$aRev. ed of: Contemporary Indonesian-English dictionary. c1981.
=500  \\$aFormerly CIP.$5Uk
=504  \\$aIncludes bibliographical references (p. xvii-xviii).
=650  \0$aIndonesian language$vDictionaries$xEnglish.
=700  1\$aSchmidgall-Tellings, A. Ed.
=700  1\$aSchmidgall-Tellings, A. Ed.$tContemporary Indonesian-English dictionary.
=710  2\$aAmerican Indonesian Chamber of Commerce.
=852  41$aBritish Library$bHMNTS$jYK.2006.b.2309
=852  41$aBritish Library$bHMNTS
=852  11$aBritish Library$bOC$cSPHOA$kOIJ$h499.221
=856  41$3Table of contents$uhttp://www.loc.gov/catdir/toc/ecip0414/2004002570.html
=CAT  \\$aBATCH$b00$c20040530$lBLL01$h1453
=CAT  \\$c20040530$lBLL01$h1455
=CAT  \\$c20040530$lBLL01$h1508
=CAT  \\$aCIPCORR$c20040613$lBLL01$h1858
=CAT  \\$a12324$b40$c20050216$lBLL01$h1608
=CAT  \\$a6632$b40$c20060310$lBLL01$h1211
=CAT  \\$a5100$b40$c20060313$lBLL01$h0908
=CAT  \\$aWR16_021$c20160610$lBLL01$h1942
=CAT  \\$aBATCH-UPD$b00$c20160610$lBLL01$h2024
=CAT  \\$aBATCH-UPD$b00$c20161027$lBLL01$h2135
=FIN  \\$aY$d20060310
=FMT  \\$a  BK
=LAS  \\$aBATCH-UPD$b00$c20161027$lBLL01$h2135
=SRC  \\$aBLL02

