=LDR  01976aam a2200577 a 4500
=001  012880960
=003  Uk
=005  20061109193301.0
=008  050304s2005\\\\at\a\\\\\\\\\\001\0\eng\\
=010  \\$a  2005005759
=015  \\$aGBA4X0055$2bnb
=016  7\$a012880960$2Uk
=020  \\$a1401871097 (pbk.) :$c£27.99
=040  \\$aStDuBDS$beng$cStDuBDS$dUk
=042  \\$aukblsr
=050  00$aTR897.7$b.T595 2005
=082  00$a006.693$222
=100  1\$aTill, Stephen.
=245  10$aExploring 3D modeling with 3ds max 7 /$cSteve Till & James O'Connell.
=246  30$a3D modeling with 3ds max 7
=260  \\$aClifton Park, N.Y. :$bThomson/Delmar Learning ;$aLondon :$bThomson Learning,$cc2005.
=300  \\$axix, 296 p. :$bill. ;$c23 cm. +$e1 CD-ROM.
=336  \\$atext$2rdacontent
=337  \\$aunmediated$2rdamedia
=338  \\$avolume$2rdacarrier
=490  1\$aDesign exploration series
=500  \\$aIncludes index.
=500  \\$aFormerly CIP.$5Uk
=630  00$a3ds max (Computer file)
=650  \0$aComputer animation.
=650  \0$aComputer graphics.
=700  1\$aO'Connell, James$q(James Richard).
=830  \0$aDesign exploration series.
=852  41$aBritish Library$bHMNTS$jEMC.2006.a.520
=852  \\$aBritish Library$bHMNTS
=856  41$3Table of contents$uhttp://www.loc.gov/catdir/toc/ecip058/2005005759.html
=985  \\$aDQ manual upgrade 20061109
=BUF  \\$aR$d20051207
=CAT  \\$aBATCH$b00$c20040530$lBLL01$h1453
=CAT  \\$c20040530$lBLL01$h1455
=CAT  \\$c20040530$lBLL01$h1508
=CAT  \\$aCIPCORR$c20040613$lBLL01$h1858
=CAT  \\$a12324$b40$c20051207$lBLL01$h1224
=CAT  \\$a11251$b40$c20061109$lBLL01$h1933
=CAT  \\$aBATCH$b00$c20091217$lBLL01$h0318
=CAT  \\$aWR16_021$c20160610$lBLL01$h1942
=CAT  \\$aBATCH-UPD$b00$c20160610$lBLL01$h2025
=CAT  \\$aBATCH-UPD$b00$c20181212$lBLL01$h2029
=FIN  \\$aY$d20051207
=FMT  \\$a  BK
=LAS  \\$aBATCH-UPD$b00$c20181212$lBLL01$h2029

