=LDR  01868cam a22005414a 4500
=001  012912622
=003  Uk
=005  20220331222604.0
=008  031003s2004\\\\ja\a\\\\\b\\\\001\0\eng\\
=010  \\$a2003065717
=015  \\$aGBA440751$2bnb
=020  \\$a4431401989 (alk. paper) :$cNo price
=035  \\$a(DNLM)101193184
=040  \\$aDNLM/DLC$cDLC$dDLC$dUk
=042  \\$aukblsr
=050  00$aQR185.8.D45$bO54 2004
=060  10$aQW 568$bO58d 2004
=082  00$a616.079$222
=100  1\$aOnji, M.$q(Morikazu),$d1948-
=245  10$aDendritic cells in clinics /$cM. Onji.
=260  \\$aTokyo ;$aLondon :$bSpringer,$cc2004.
=300  \\$axv, 168 p. :$bill. (some col.) ;$c24 cm.
=336  \\$atext$2rdacontent
=337  \\$aunmediated$2rdamedia
=338  \\$avolume$2rdacarrier
=504  \\$aIncludes bibliographical references and index.
=540  \\$aBritish Library not licensed to copy$c0$5Uk
=650  \0$aDendritic cells.
=650  12$aDendritic Cells$ximmunology.
=650  12$aDendritic Cells$xphysiology.
=852  11$aBritish Library$bSTI$k(B)$h617.079
=852  41$aBritish Library$bDSC$jm04/31056
=852  41$aBritish Library$bSTI
=856  41$3Table of contents$uhttp://www.loc.gov/catdir/toc/fy044/2003065717.html
=CAT  \\$a11250$b40$c20040510$lTMP01$h0912
=CAT  \\$a11250$b40$c20040510$lTMP01$h0924
=CAT  \\$a11250$b40$c20040510$lTMP01$h0927
=CAT  \\$aEXLIBRIS$c20040606$lBLL01$h1133
=CAT  \\$a6605$b40$c20041111$lBLL01$h0940
=CAT  \\$aBATCH$b00$c20091211$lBLL01$h0057
=CAT  \\$aBATCH-CLAB$c20220330$lBLL01$h1729
=CAT  \\$aIPL-CLA$c20220331$lBLL01$h2226
=CFI  0\$aBritish Library not licensed to copy$c0$e01-apr-2022$hC$iCFP Excluded$5Uk
=FIN  \\$aY
=FMT  \\$a  BK
=LAS  \\$aIPL-CLA$b00$c20220331$lBLL01$h2226
=SID  \\$aZ39$bLOC
=SRC  \\$aMOP01$bbibm1.200404.2.aa

