=LDR  03613cam a2200973 a 4500
=001  012926498
=003  Uk
=005  20221231205556.0
=008  030911s2004\\\\enka\\\\\b\\\\001\0\eng\\
=010  \\$a2003020219
=015  \\$aGBA441741$2bnb
=016  7\$a012926498$2Uk
=019  y\$abA3U8313
=019  9\$a0415282527
=019  g\$aadv5005058451
=019  a\$aG07971782
=020  \\$a0415282527 :$c£55.00
=040  \\$aDLC$beng$cDLC$dDLC$dUk
=042  \\$aukblsr
=043  \\$ae-ic---$ae------
=050  00$aDL375$b.I24 2004
=082  00$a327.491204$222
=245  00$aIceland and European integration :$bon the edge /$cedited by Baldur Thorhallsson.
=260  \\$aLondon :$bRoutledge,$c2004.
=300  \\$axv, 216 p. :$bill. ;$c25 cm.
=336  \\$atext$2rdacontent
=337  \\$aunmediated$2rdamedia
=338  \\$avolume$2rdacarrier
=490  1\$aEurope and the nation state ;$v4
=500  \\$aFormerly CIP.$5Uk
=504  \\$aIncludes bibliographical references and index.
=540  \\$aCurrent Copyright Fee: GBP25.00$c0$5Uk
=610  20$aEuropean Union$zIceland.
=651  \0$aIceland$xForeign relations$zEurope.
=651  \0$aIceland$xPolitics and government$y20th century.
=700  0\$aBaldur Thorhallsson.
=830  \0$aEurope and the nation state ;$v4.
=852  41$aBritish Library$bHMNTS$jYC.2004.a.6935
=852  41$aBritish Library$bHMNTS
=852  41$aBritish Library$bDSC$j3829.459500$iv.4
=856  41$3Table of contents$uhttp://www.loc.gov/catdir/toc/ecip048/2003020219.html
=957  \\$tM/38722-15
=966  \\$uo$lACQUIS 07/11/2003
=ACF  \\$aPrevious Copyright Fee: GBP12.30$c0$e01-jan-2014$fGBP12.30$g0$hA$5Uk
=ACF  \\$aPrevious Copyright Fee: GBP15.00$c0$e01-jan-2017$fGBP15.00$g0$hA$5Uk
=ACF  \\$aPrevious Copyright Fee: GBP20.00$c0$e01-jan-2020$fGBP20.00$g0$hA$5Uk
=CAT  \\$a11317$b40$c20040527$lTMP01$h1154
=CAT  \\$a8158$b40$c20040604$lTMP01$h0853
=CAT  \\$aEXLIBRIS$c20040606$lBLL01$h1134
=CAT  \\$a6632$b40$c20041004$lBLL01$h1223
=CAT  \\$a6632$b40$c20041004$lBLL01$h1625
=CAT  \\$c20050422$lBLL01$h0934
=CAT  \\$aglobal_upd$b40$c20060417$lBLL01$h1527
=CAT  \\$aBATCH$b00$c20091123$lBLL01$h0335
=CAT  \\$aBATCH$b00$c20091217$lBLL01$h0319
=CAT  \\$aBATCH$b00$c20100218$lBLL01$h1702
=CAT  \\$aBATCH-CLA$b00$c20140810$lBLL01$h1331
=CAT  \\$aBATCH-UPD$b00$c20150723$lBLL01$h2108
=CAT  \\$aWR16_021$c20160610$lBLL01$h1944
=CAT  \\$aBATCH-CLA$b00$c20160611$lBLL01$h0140
=CAT  \\$aBATCH-CLA$b00$c20161222$lBLL01$h1803
=CAT  \\$aIPL-CLA$c20161230$lBLL01$h2124
=CAT  \\$aBATCH-CLA$b00$c20171222$lBLL01$h2123
=CAT  \\$aIPL-CLA$c20171231$lBLL01$h1631
=CAT  \\$aBATCH-CLA$b00$c20191219$lBLL01$h1731
=CAT  \\$aIPL-CLA$c20191231$lBLL01$h1927
=CAT  \\$aR2001-1524$c20200127$lBLL01$h2004
=CAT  \\$aBATCH-CLA$b00$c20200128$lBLL01$h0408
=CAT  \\$aBATCH-CLA$b00$c20201204$lBLL01$h1531
=CAT  \\$aIPL-CLA$c20201231$lBLL01$h2151
=CAT  \\$aBATCH-CLA$b00$c20221221$lBLL01$h1840
=CAT  \\$aIPL-CLA$c20221231$lBLL01$h2055
=CFI  0\$aCurrent Copyright Fee: GBP25.00$c0$e01-jan-2023$fGBP25.00$g0$hA$5Uk
=CFI  2\$aPrevious Copyright Fee: GBP22.50$c0$e01-jan-2021$fGBP22.50$g0$hA$5Uk
=FIN  \\$aY
=FMT  \\$a  BK
=LAS  \\$aIPL-CLA$b00$c20221231$lBLL01$h2055
=LDO  \\$aCIP
=LEO  \\$aMP5.0000143673
=LEO  \\$aMP8.0001899928
=SID  \\$aZ39$bLOC
=SRC  \\$aBNB03$bbibmp5.200404.2.aa
=SRC  \\$aDSC01$bbibmp8.200404.2.ac
=SRC  \\$aLDS01$bbiblm.200404.2.aa

