=LDR  02508pam a2200721 a 4500
=001  012926652
=003  Uk
=005  20120220170846.0
=008  030923s2004\\\\mnu\\\\\\b\\\\000\0\eng\\
=010  \\$a2003021040
=015  \\$aGBA441763$2bnb
=016  7\$a012926652$2Uk
=019  y\$abA3U1654
=019  9\$a0816641463
=020  \\$a0816641463 (cased : alk. paper) :$cNo price
=020  \\$a0816641471 (pbk. : alk. paper) :$cNo price
=040  \\$aDLC$beng$cDLC$dDLC$dUk
=042  \\$aukblsr
=050  00$aBD450$b.W445 2003
=082  00$a128$222
=100  1\$aWeinstone, Ann.
=245  10$aAvatar bodies :$ba tantra for posthumanism /$cAnn Weinstone.
=260  \\$aMinneapolis, Minn. ;$aLondon :$bUniversity of Minnesota Press,$cc2004.
=300  \\$axii, 227 p. ;$c23 cm.
=336  \\$atext$2rdacontent
=337  \\$aunmediated$2rdamedia
=338  \\$avolume$2rdacarrier
=490  1\$aElectronic mediations ;$vv. 10
=500  \\$aFormerly CIP.$5Uk
=504  \\$aIncludes bibliographical references.
=540  \\$aBritish Library not licensed to copy$c0$5Uk
=650  \0$aPhilosophical anthropology.
=650  \0$aHuman body (Philosophy)
=650  \0$aHumanism.
=830  \0$aElectronic mediations ;$vv. 10.
=852  41$aBritish Library$bHMNTS$jYC.2004.a.6934
=852  41$aBritish Library$bHMNTS
=852  41$aBritish Library$bDSC$j3702.599500$iv.10
=856  41$3Table of contents$uhttp://www.loc.gov/catdir/toc/ecip049/2003021040.html
=957  \\$tM/38722-17
=CAT  \\$a11317$b40$c20040527$lTMP01$h1342
=CAT  \\$a8158$b40$c20040604$lTMP01$h0854
=CAT  \\$aEXLIBRIS$c20040606$lBLL01$h1135
=CAT  \\$a6632$b40$c20040925$lBLL01$h1043
=CAT  \\$a6632$b40$c20040927$lBLL01$h0853
=CAT  \\$aBATCH$b00$c20091211$lBLL01$h0058
=CAT  \\$aBATCH$b00$c20100103$lBLL01$h1152
=CAT  \\$aBATCH-UPD$b00$c20100103$lBLL01$h1259
=CAT  \\$aBATCH$b00$c20100218$lBLL01$h1702
=CAT  \\$aBATCH-UPD$b00$c20110909$lBLL01$h1756
=CAT  \\$a9572$b40$c20120220$lBLL01$h1708
=CAT  \\$aBATCH-CLA$b00$c20140810$lBLL01$h1322
=CAT  \\$aWR16_021$c20160610$lBLL01$h1944
=CAT  \\$aBATCH-CLA$b00$c20160611$lBLL01$h0140
=CFI  0\$aBritish Library not licensed to copy$c0$e07-sep-2011$hC$iTX$5Uk
=FIN  \\$aY
=FMT  \\$a  BK
=LAS  \\$aBATCH-CLA$b00$c20160611$lBLL01$h0140
=LDO  \\$aCIP
=LEO  \\$aMP5.0000290619
=SID  \\$aZ39$bLOC
=SRC  \\$aLDS01$bbiblm.200404.2.aa
=SRC  \\$aBNB03$bbibmp5.200404.2.aa

