=LDR  03608cam a22008894a 4500
=001  012927964
=003  Uk
=005  20221231205559.0
=008  030815s2004\\\\nju\\\\\\b\\\\101\0\eng\\
=010  \\$a2003061801
=015  \\$aGBA441840$2bnb
=016  7\$a012927964$2Uk
=019  y\$abA3T9434
=019  9\$a076580171x
=020  \\$a076580171X (cloth : alk. paper) :$c£36.95
=020  \\$a0765809745 (pbk. : alk. paper) :$c£24.50
=040  \\$aDLC$cDLC$dDLC$dUk
=042  \\$aukblsr
=050  00$aHC59.7$b.E875 2004
=082  00$a338.90091724$222
=245  00$aEvaluation & development :$bthe partnership dimension /$c[edited by] Andres Liebenthal, Osvaldo Feinstein, Gregory K. Ingram ; with a foreword by Robert Picciotto.
=246  3\$aEvaluation and development
=260  \\$aNew Brunswick, NJ ;$aLondon :$bTransaction Publishers,$cc2004.
=300  \\$axxi, 231 p. ;$c24 cm.
=336  \\$atext$2rdacontent
=337  \\$aunmediated$2rdamedia
=338  \\$avolume$2rdacarrier
=490  0\$aWorld Bank series on evaluation and development ;$vv. 6
=504  \\$aIncludes bibliographical references and index.
=540  \\$aCurrent Copyright Fee: GBP25.00$c0$5Uk
=650  \0$aPublic-private sector cooperation$zDeveloping countries$xEvaluation.
=650  \0$aPublic-private sector cooperation$zDeveloping countries$vCase studies.
=651  \0$aDeveloping countries$xEconomic policy.
=651  \0$aDeveloping countries$xEconomic policy$xCitizen participation.
=690  7\$aManagement and Business Studies$2blcoll
=700  1\$aLiebenthal, Andrés,$d1947-
=700  1\$aFeinstein, Osvaldo Néstor.
=700  1\$aIngram, Gregory K.
=852  41$aBritish Library$bHMNTS
=852  41$aBritish Library$bDSC$j9352.928700$iv.6
=852  41$aBritish Library$bHMNTS$jYC.2004.a.6958
=856  41$3Table of contents$uhttp://www.loc.gov/catdir/toc/fy043/2003061801.html
=957  \\$aM/38708-09
=ACF  \\$aPrevious Copyright Fee: GBP12.30$c0$e01-jan-2014$fGBP12.30$g0$hA$5Uk
=ACF  \\$aPrevious Copyright Fee: GBP15.00$c0$e01-jan-2017$fGBP15.00$g0$hA$5Uk
=ACF  \\$aPrevious Copyright Fee: GBP20.00$c0$e01-jan-2020$fGBP20.00$g0$hA$5Uk
=CAT  \\$a10746$b40$c20040601$lTMP01$h1140
=CAT  \\$a8158$b40$c20040604$lTMP01$h1210
=CAT  \\$aEXLIBRIS$c20040606$lBLL01$h1135
=CAT  \\$a9504$b40$c20080910$lBLL01$h1333
=CAT  \\$aBATCH$b00$c20090611$lBLL01$h1710
=CAT  \\$aBATCH-CLA$b00$c20140102$lBLL01$h0314
=CAT  \\$aWR16_021$c20160610$lBLL01$h1944
=CAT  \\$aBATCH-CLA$b00$c20161222$lBLL01$h1803
=CAT  \\$aIPL-CLA$c20161230$lBLL01$h2124
=CAT  \\$aBATCH-CLA$b00$c20171222$lBLL01$h2123
=CAT  \\$aIPL-CLA$c20171231$lBLL01$h1631
=CAT  \\$aBATCH-UPD$b00$c20180307$lBLL01$h2031
=CAT  \\$aBATCH-CLA$b00$c20191219$lBLL01$h1731
=CAT  \\$aIPL-CLA$c20191231$lBLL01$h1927
=CAT  \\$aR2001-1524$c20200127$lBLL01$h2004
=CAT  \\$aBATCH-CLA$b00$c20200128$lBLL01$h0447
=CAT  \\$aBATCH-CLA$b00$c20201204$lBLL01$h1531
=CAT  \\$aIPL-CLA$c20201231$lBLL01$h2151
=CAT  \\$aBATCH-CLA$b00$c20221221$lBLL01$h1840
=CAT  \\$aIPL-CLA$c20221231$lBLL01$h2055
=CFI  0\$aCurrent Copyright Fee: GBP25.00$c0$e01-jan-2023$fGBP25.00$g0$hA$5Uk
=CFI  2\$aPrevious Copyright Fee: GBP22.50$c0$e01-jan-2021$fGBP22.50$g0$hA$5Uk
=FIN  \\$aY
=FMT  \\$a  BK
=LAS  \\$aIPL-CLA$b00$c20221231$lBLL01$h2055
=LDO  \\$aCIP
=LEO  \\$aMP5.0000264664
=SID  \\$aZ39$bLOC
=SRC  \\$aLDS01$bbiblm.200404.2.aa
=SRC  \\$aBNB03$bbibmp5.200404.2.aa
=TCO  \\$aZZZ$c008

