=LDR  03874cam a2200925 a 4500
=001  012928017
=003  Uk
=005  20221231205600.0
=008  031121s2004\\\\enk\\\\\\b\\\\000\0\eng\\
=010  \\$a2003025671
=015  \\$aGBA441844$2bnb
=016  7\$a012928017$2Uk
=019  y\$abA4Z7038
=019  9\$a1853597538
=020  \\$a1853597538 :$cNo price
=020  \\$a1853597546 (electronic)
=040  \\$aDLC$cDLC$dDLC$dUk
=042  \\$aukblsr
=050  00$aP53.45$b.C75 2004
=082  00$a418.007$222
=245  00$aCritical pedagogy :$bpolitical approaches to language and intercultural communication /$cedited by Alison Phipps and Manuela Guilherme.
=260  \\$aClevedon :$bMultilingual Matters,$cc2004.
=300  \\$a61 p. ;$c26 cm.
=336  \\$atext$2rdacontent
=337  \\$aunmediated$2rdamedia
=338  \\$avolume$2rdacarrier
=490  1\$aLanguages for intercultural communication and education ;$v8
=504  \\$aIncludes bibliographical references.
=505  0\$a1. Betraying the intellectual tradition / H. Giroux -- 2. Academic literacy in post-colonial times / J. Turner -- 3. Articulating contact in the classroom / Keith E. Nainby, John T. Warren, and Christopher Bollinger -- 4. Listen to the voices of foreign language student teachers / R. Diaz-Greenberg and A. Nevin.
=540  \\$aCurrent Copyright Fee: GBP25.00$c0$5Uk
=650  \0$aLanguage and languages$xStudy and teaching.
=650  \0$aMulticultural education.
=700  1\$aPhipps, Alison M.
=700  1\$aGuilherme, Manuela,$d1951-
=830  \0$aLanguages for intercultural communication and education ;$v8.
=852  41$aBritish Library$bHMNTS$jYK.2004.b.2581
=852  41$aBritish Library$bHMNTS
=852  41$aBritish Library$bDSC$j5155.713570$iv.8
=856  41$3Table of contents$uhttp://www.loc.gov/catdir/toc/ecip0411/2003025671.html
=957  \\$aM/38708-12
=ACF  \\$aPrevious Copyright Fee: GBP12.30$c0$e01-jan-2014$fGBP12.30$g0$hA$5Uk
=ACF  \\$aPrevious Copyright Fee: GBP15.00$c0$e01-jan-2017$fGBP15.00$g0$hA$5Uk
=ACF  \\$aPrevious Copyright Fee: GBP20.00$c0$e01-jan-2020$fGBP20.00$g0$hA$5Uk
=CAT  \\$a10746$b40$c20040601$lTMP01$h1213
=CAT  \\$a8158$b40$c20040604$lTMP01$h1218
=CAT  \\$aEXLIBRIS$c20040606$lBLL01$h1135
=CAT  \\$a6632$b40$c20040925$lBLL01$h1023
=CAT  \\$a6632$b40$c20040925$lBLL01$h1026
=CAT  \\$aBATCH$b00$c20091211$lBLL01$h0058
=CAT  \\$aBATCH$b00$c20100103$lBLL01$h1152
=CAT  \\$aBATCH-UPD$b00$c20100103$lBLL01$h1300
=CAT  \\$aBATCH$b00$c20100218$lBLL01$h1702
=CAT  \\$aBATCH-UPD$b00$c20110909$lBLL01$h1750
=CAT  \\$aBATCH-UPD$b00$c20120418$lBLL01$h1840
=CAT  \\$aBATCH-CLA$b00$c20140102$lBLL01$h0314
=CAT  \\$aWR16_021$c20160610$lBLL01$h1944
=CAT  \\$aBATCH-CLA$b00$c20160611$lBLL01$h0141
=CAT  \\$aBATCH-CLA$b00$c20161222$lBLL01$h1803
=CAT  \\$aIPL-CLA$c20161230$lBLL01$h2124
=CAT  \\$aBATCH-CLA$b00$c20171222$lBLL01$h2123
=CAT  \\$aIPL-CLA$c20171231$lBLL01$h1631
=CAT  \\$aBATCH-CLA$b00$c20191219$lBLL01$h1731
=CAT  \\$aIPL-CLA$c20191231$lBLL01$h1927
=CAT  \\$aR2001-1524$c20200127$lBLL01$h2004
=CAT  \\$aBATCH-CLA$b00$c20200128$lBLL01$h0439
=CAT  \\$aBATCH-CLA$b00$c20201204$lBLL01$h1531
=CAT  \\$aIPL-CLA$c20201231$lBLL01$h2151
=CAT  \\$aBATCH-CLA$b00$c20221221$lBLL01$h1840
=CAT  \\$aIPL-CLA$c20221231$lBLL01$h2056
=CFI  0\$aCurrent Copyright Fee: GBP25.00$c0$e01-jan-2023$fGBP25.00$g0$hA$5Uk
=CFI  2\$aPrevious Copyright Fee: GBP22.50$c0$e01-jan-2021$fGBP22.50$g0$hA$5Uk
=FIN  \\$aY
=FMT  \\$a  BK
=LAS  \\$aIPL-CLA$b00$c20221231$lBLL01$h2056
=LDO  \\$aCIP
=LEO  \\$aMP5.0000402837
=SID  \\$aZ39$bLOC
=SRC  \\$aBNB03$bbibmp5.200404.2.aa
=SRC  \\$aLDS01$bbiblm.200404.2.aa
=TCO  \\$aCLA$bCLA$c008

