=LDR  01939cam a2200541 a 4500
=001  012929627
=003  Uk
=005  20100118160735.0
=008  040607s2004\\\\ctuab\\\\b\\\\001\0\eng\\
=010  \\$a  2004013208
=015  \\$aGBA442226$2bnb
=016  7\$a012929627$2Uk
=020  \\$a0313325014 (hbk.) :$c£28.99
=040  \\$aStDuBDS$beng$cStDuBDS$dUk
=042  \\$aukblsr
=050  00$aDT159.6.N83$bB527 2004
=082  00$a939.78$222
=100  10$aBianchi, Robert Steven,$d1943-
=245  10$aDaily life of the Nubians /$cRobert Steven Bianchi.
=260  \\$aWestport, Conn. ;$aLondon :$bGreenwood,$c2004.
=300  \\$axx, 284 p. :$bill., map ;$c24 cm.
=336  \\$atext$2rdacontent
=337  \\$aunmediated$2rdamedia
=338  \\$avolume$2rdacarrier
=490  1\$aThe Greenwood Press "Daily life through history" series
=500  \\$aFormerly CIP.$5Uk
=504  \\$aIncludes bibliographical references (p. [275]-279) and index.
=650  \0$aNubians$xSocial life and customs.
=830  \0$aGreenwood Press "Daily life through history" series.
=852  41$aBritish Library$bHMNTS$jYD.2007.a.6981
=852  \\$aBritish Library$bHMNTS
=856  41$3Table of contents$uhttp://www.loc.gov/catdir/toc/ecip0418/2004013208.html
=BUF  \\$aN$d20070808
=CAT  \\$aBATCH$b00$c20040608$lBLL01$h1734
=CAT  \\$c20040608$lBLL01$h1735
=CAT  \\$c20040608$lBLL01$h1744
=CAT  \\$a5512$b40$c20070808$lBLL01$h1437
=CAT  \\$aBATCH-BUOC$b00$c20070816$lBLL01$h2136
=CAT  \\$a5512$b40$c20070903$lBLL01$h1152
=CAT  \\$aBATCH$b00$c20091217$lBLL01$h0319
=CAT  \\$aBATCH-UPD$b00$c20100106$lBLL01$h2049
=CAT  \\$a11249$b40$c20100118$lBLL01$h1607
=CAT  \\$aWR16_021$c20160610$lBLL01$h1944
=CAT  \\$aBATCH-UPD$b00$c20160610$lBLL01$h2042
=CAT  \\$aW2308-1659$c20230923$lBLL01$h0903
=FIN  \\$aY$d20070808
=FMT  \\$a  BK
=LAS  \\$aW2308-1659$b00$c20230923$lBLL01$h0903

