=LDR  03568cam a2200889 a 4500
=001  012933098
=003  Uk
=005  20230924065136.0
=008  050310s2004\\\\enkb\\\f\b\\\\001\0\eng\\
=010  \\$a  2005295098
=015  \\$aGBA444025$2bnb
=016  7\$a012933098$2Uk
=020  \\$a1850435790 (hbk.) :$c£47.50
=040  \\$aStDuBDS$beng$cStDuBDS$dUk
=042  \\$aukblsr
=043  \\$aa-le---$af-rh---
=050  00$aJZ6045$b.P736 2004
=082  04$a303.64$222
=100  1\$aPreston, Matthew$q(Matthew James Tertius)
=245  10$aEnding civil war :$bRhodesia and Lebanon in perspective /$cMatthew Preston.
=260  \\$aLondon :$bTauris Academic Studies,$c2004.
=300  \\$aix, 322 p. :$bmaps ;$c22 cm.
=336  \\$atext$2rdacontent
=337  \\$aunmediated$2rdamedia
=338  \\$avolume$2rdacarrier
=490  1\$aInternational library of war studies ;$v2
=500  \\$aFormerly CIP.$5Uk
=504  \\$aIncludes bibliographical references (p. [283]-315) and index.
=540  \\$aCurrent Copyright Fee: GBP25.00$c0$5Uk
=650  \0$aCivil war.
=650  \0$aCivil war$vCase studies.
=650  \0$aMediation, International.
=651  \0$aLebanon$xHistory$yCivil War, 1975-1990.
=651  \0$aZimbabwe$xHistory$yChimurenga War, 1966-1980.
=690  7\$aSocial Welfare$2blcoll
=830  \0$aInternational library of war studies ;$v2.
=852  41$aBritish Library$bDSC$j4542.959600$ino. 2
=852  \\$aBritish Library$bHMNTS
=856  41$3Table of contents only$uhttp://www.loc.gov/catdir/toc/fy0602/2005295098.html
=856  42$3Contributor biographical information$uhttp://www.loc.gov/catdir/enhancements/fy0627/2005295098-b.html
=856  42$3Publisher description$uhttp://www.loc.gov/catdir/enhancements/fy0627/2005295098-d.html
=ACF  \\$aPrevious Copyright Fee: GBP12.30$c0$e01-jan-2014$fGBP12.30$g0$hA$5Uk
=ACF  \\$aPrevious Copyright Fee: GBP15.00$c0$e01-jan-2017$fGBP15.00$g0$hA$5Uk
=BUF  \\$aN$d20070418
=CAT  \\$aBATCH$b00$c20040615$lBLL01$h1510
=CAT  \\$c20040615$lBLL01$h1511
=CAT  \\$c20040615$lBLL01$h1519
=CAT  \\$a11002$b40$c20070418$lBLL01$h1043
=CAT  \\$aBATCH-BUOC$b00$c20070426$lBLL01$h2136
=CAT  \\$aBATCH$b00$c20091217$lBLL01$h0320
=CAT  \\$aBATCH$b00$c20110625$lBLL01$h0508
=CAT  \\$aBATCH-SWP4$c20110627$lBLL01$h1550
=CAT  \\$aBATCH-UPD$b00$c20131026$lBLL01$h1846
=CAT  \\$aBATCH-CLA$b00$c20140103$lBLL01$h0059
=CAT  \\$aWR16_021$c20160610$lBLL01$h1945
=CAT  \\$aBATCH-CLA$b00$c20160611$lBLL01$h0141
=CAT  \\$aBATCH-CLA$b00$c20161222$lBLL01$h1803
=CAT  \\$aIPL-CLA$c20161230$lBLL01$h2125
=CAT  \\$aBATCH-CLA$b00$c20171222$lBLL01$h2123
=CAT  \\$aIPL-CLA$c20171231$lBLL01$h1631
=CAT  \\$aBATCH-CLA$b00$c20191219$lBLL01$h1731
=CAT  \\$aIPL-CLA$c20191231$lBLL01$h1927
=CAT  \\$aR2001-1524$c20200127$lBLL01$h2004
=CAT  \\$aBATCH-CLA$b00$c20200128$lBLL01$h0451
=CAT  \\$aBATCH-CLA$b00$c20201204$lBLL01$h1531
=CAT  \\$aIPL-CLA$c20201231$lBLL01$h2151
=CAT  \\$aBATCH-UPD$b00$c20210614$lBLL01$h2025
=CAT  \\$aBATCH-CLA$b00$c20210615$lBLL01$h0104
=CAT  \\$aBATCH-CLA$b00$c20221221$lBLL01$h1840
=CAT  \\$aIPL-CLA$c20221231$lBLL01$h2056
=CAT  \\$aW2308-1659$c20230923$lBLL01$h0903
=CAT  \\$aBATCH-CLA$b00$c20230924$lBLL01$h0651
=CFI  0\$aCurrent Copyright Fee: GBP25.00$c0$e01-jan-2023$fGBP25.00$g0$hA$5Uk
=FIN  \\$aY$d20070418
=FMT  \\$a  BK
=LAS  \\$aBATCH-CLA$b00$c20230924$lBLL01$h0651
=TCO  \\$aCLA$bCLA$c008

