=LDR  01544cam a2200469 a 4500
=001  012933184
=003  Uk
=005  20080925221540.0
=008  040601s2004\\\\nyua\\\e\\\\\\000\0\eng\\
=010  \\$a2004560505  
=015  \\$aGBA444111$2bnb
=016  7\$a012933184$2Uk
=020  \\$a1895569907 (hbk.) :$c12.99
=040  \\$aStDuBDS$beng$cStDuBDS$dUk
=042  \\$aukblsr
=082  00$a786.91923$222
=100  10$aWaring, Dennis,$d1944-
=245  10$aMaking drums /$cDennis Waring.
=260  \\$aNew York :$bSterling,$c2004.
=300  \\$a96 p. :$bill. ;$c26 cm.
=336  \\$atext$2rdacontent
=337  \\$aunmediated$2rdamedia
=338  \\$avolume$2rdacarrier
=500  \\$aFormerly CIP.$5Uk
=650  \0$aDrum$xConstruction.
=650  \6$aTambour$xFacture.
=852  \\$aBritish Library$bHMNTS
=852  41$aBritish Library$bHMNTS$jYK.2007.b.5043
=856  42$3Publisher description$uhttp://www.loc.gov/catdir/description/ste051/2004560505.html
=856  41$3Table of contents$uhttp://www.loc.gov/catdir/toc/fy045/2004560505.html
=BUF  \\$aN$d20071025
=CAT  \\$aBATCH$b00$c20040615$lBLL01$h1510
=CAT  \\$c20040615$lBLL01$h1511
=CAT  \\$c20040615$lBLL01$h1519
=CAT  \\$a12664$b40$c20071025$lBLL01$h1138
=CAT  \\$aBATCH-BUOC$b00$c20080925$lBLL01$h2215
=CAT  \\$aWR16_021$c20160610$lBLL01$h1945
=CAT  \\$aBATCH-UPD$b00$c20160610$lBLL01$h2049
=CAT  \\$aW2308-1659$c20230923$lBLL01$h0903
=FIN  \\$aY$d20071025
=FMT  \\$a  BK
=LAS  \\$aW2308-1659$b00$c20230923$lBLL01$h0903

