=LDR  02352pam a2200637 a 4500
=001  012934384
=003  Uk
=005  20050105152143.0
=008  031201s2004\\\\nyua\\\\\\\\\\000\0deng\\
=010  \\$a2003026174
=015  \\$aGBA4X7376$2bnb
=016  7\$a012934384$2Uk
=020  \\$a082322337X (pbk.) :$cNo price
=020  \\$a0823223361 :$c£25.50
=040  \\$aStDuBDS$dUk
=042  \\$aukblsr
=043  \\$an-us---$an-us-ny
=050  00$aE839.5$b.O84 2004
=082  00$a791.447509747277$222
=100  1\$aO'Shaughnessy, William.
=245  10$aMore riffs, rants, and raves /$cgathered and lived by William O'Shaughnessy.
=250  \\$a1st ed.
=260  \\$aAshland, Ohio :$bFordham University Press ;$a[London :$bEurospan],$c2004.
=300  \\$axl, 781 p. :$bill. ;$c24 cm.
=336  \\$atext$2rdacontent
=337  \\$aunmediated$2rdamedia
=338  \\$avolume$2rdacarrier
=490  1\$aCommunications and media studies,$x1522-385X ;$vno. 10
=500  \\$aTranscripts of radio broadcasts aired chiefly after Sept. 2001.
=500  \\$aFormerly CIP.$5Uk
=600  10$aO'Shaughnessy, William.
=650  \0$aBiography$y20th century.
=650  \0$aInterviews$zUnited States.
=650  \0$aFreedom of speech$zUnited States.
=650  \0$aFreedom of the press$zUnited States.
=651  \0$aUnited States$xPolitics and government$y1989-
=651  \0$aUnited States$xPolitics and government$y1945-1989.
=651  \0$aNew York (State)$xPolitics and government$y1951-
=651  \0$aUnited States$xSocial life and customs$y1971-
=651  \0$aUnited States$vBiography.
=830  \0$aCommunications and media studies,$x1522-385X ;$vno. 10
=852  41$aBritish Library$bHMNTS$jYK.2006.a.1341
=852  41$aBritish Library$bHMNTS
=852  41$aBritish Library$bHMNTS$jYD.2004.a.6879
=856  41$3Table of contents$uhttp://www.loc.gov/catdir/toc/ecip0411/2003026174.html
=CAT  \\$a5703$b40$c20040617$lBLL01$h1137
=CAT  \\$a9657$b40$c20041221$lBLL01$h1428
=CAT  \\$a9657$b40$c20041221$lBLL01$h1452
=CAT  \\$a9657$b40$c20041221$lBLL01$h1528
=CAT  \\$a9657$b40$c20050105$lBLL01$h1521
=CAT  \\$aBATCH$b00$c20091217$lBLL01$h0320
=CAT  \\$aWR16_021$c20160610$lBLL01$h1945
=FIN  \\$aY$d20041221
=FMT  \\$a  BK
=LAS  \\$aWR16_021$b00$c20160610$lBLL01$h1945
=SID  \\$aZ39$bLOC

