=LDR  02900 am a2200457 a 4500
=001  012936032
=003  Uk
=005  20050927110248.0
=008  040617s2004\\\\ii\\\\\\\b\\\\100\0\eng\\
=010  \\$a2004328484
=020  \\$a8186706755
=025  \\$aI-E-2004-328484; 69-92; 70-13
=035  \\$a(DLC) 2004328484
=037  \\$bLibrary of Congress -- New Delhi Overseas Office$cRs600.00
=040  \\$aDLC$cDLC$dDLC$dUk
=043  \\$aa-ii---
=050  00$aHQ1090.7.I4$bE97 2000
=111  2\$aEuropean Conference on Modern South Asian Studies$n(16th :$d2000 :$cUniversity of Edinburgh)
=245  10$aSouth Asian masculinities :$bcontext of change, sites of continuity /$ceditors, Radhika Chopra, Caroline Osella & Filippo Osella.
=260  \\$aNew Delhi :$bWomen Unlimited an associate of Kali for Women,$c2004.
=300  \\$ax, 419 p. ;$c23 cm.
=336  \\$atext$2rdacontent
=337  \\$aunmediated$2rdamedia
=338  \\$avolume$2rdacarrier
=504  \\$aIncludes bibliographical references (p. [391]-416).
=505  0\$aEncountering masculinity : an ethnographer's dilemma / Radhika Chopra -- The workplace and the neighbourhood : locating masculinities in the south Indian textile industry / Geert De Neve -- Virginity vs. decency : continuity and change in Pakistani men's perception of sexuality and women / Thomas Michael Walle -- 'My man (honour) is lost but I still have my iman (principle)' : sexual violence and articulations of masculinity / Nayanika Mookherjee -- Gays, paternity, and polyandry : making sense of new family forms in contemporary Sri Lanka / Bob Simpson -- The masculanity of dis-location : commodities, the metropolis, and the sex-clinics of Delhi and Mumbai / Sanjay Srivastava -- Young Malayali men and their move heroes / Caroline & Filippo Osella -- The importance of Gandhi : gendering the national subject in Bombay cinema / Karen Gabriel -- Another history rises to the surface : melodrama in the age of digital simulation, Hey Ram / Ravi Vasudevan --The hero as a holy man : a
=505  0\$aplea for a communal Hindu identity / Alessandro Monti -- Developing powers : modernisation and the masculine hegemony of Hindu nationalism / P.K. Vijayan.
=520  \\$aSelection of papers presented at the 16th European Conference on Modern South Asian Studies, University of Edinburgh, September 2000; chiefly on Indian men.
=650  \0$aMen$zIndia$xSocial conditions$vCongresses.
=700  1\$aChopra, Radhika.
=700  1\$aOsella, Caroline.
=700  1\$aOsella, Filippo.
=852  41$aBritish Library$bOC$jYD.2005.a.7207
=852  41$aBritish Library$bHMNTS
=856  42$3Book review (H-Net)$uhttp://www.h-net.org/review/hrev-a0e1l8-aa
=CAT  \\$aAGENCY4$b40$c20040622$lBLL01$h1030
=CAT  \\$a6470$b40$c20050927$lBLL01$h1102
=FIN  \\$aY$d20050927
=FMT  \\$a  BK
=LAS  \\$a6470$b40$c20050927$lBLL01$h1102
=SID  \\$aZ39$bLOC

