=LDR  01687cam a2200493 a 4500
=001  012936528
=003  Uk
=005  20060908110345.0
=008  030303s2003\\\\miu\\\\\\\\\\\000\0deng\\
=010  \\$a  2003004966
=015  \\$aGBA444625$2bnb
=016  7\$a012936528$2Uk
=020  \\$a0007130481 (pbk.) :$c£7.99
=020  \\$a0007130473 :$cNo price
=040  \\$aStDuBDS$dUk
=042  \\$aukblsr
=050  00$aBV4526.3$b.P58 2003
=082  00$a248.4$221
=100  1\$aPlass, Adrian.
=245  14$aThe heart of the family :$blaughter and tears from a real family /$cAdrian Plass ; compiled by Bridget Plass.
=260  \\$aGrand Rapids, Mich. :$bZondervan,$cc2003.
=300  \\$a298 p. ;$c21 cm.
=336  \\$atext$2rdacontent
=337  \\$aunmediated$2rdamedia
=338  \\$avolume$2rdacarrier
=500  \\$aFormerly CIP.$5Uk
=600  10$aPlass, Adrian$xFamily$vMiscellanea.
=650  \0$aFamily$xReligious life$vMiscellanea.
=700  1\$aPlass, Bridget.
=852  41$aBritish Library$bHMNTS$jYK.2006.a.15152
=852  \\$aBritish Library$bHMNTS
=856  41$3Table of contents$uhttp://www.loc.gov/catdir/toc/ecip041/2003004966.html
=856  42$3Publisher description$uhttp://www.loc.gov/catdir/enhancements/fy0633/2003004966-d.html
=CAT  \\$aBATCH$b00$c20040622$lBLL01$h1557
=CAT  \\$c20040622$lBLL01$h1558
=CAT  \\$c20040622$lBLL01$h1608
=CAT  \\$a12325$b40$c20050628$lBLL01$h1141
=CAT  \\$a7732$b40$c20060908$lBLL01$h1103
=CAT  \\$aWR16_021$c20160610$lBLL01$h1945
=CAT  \\$aW2308-1659$c20230923$lBLL01$h0903
=FIN  \\$aY$d20060908
=FMT  \\$a  BK
=LAS  \\$aW2308-1659$b00$c20230923$lBLL01$h0903
=SRC  \\$aBLL02

