=LDR  02364cam a2200625 a 4500
=001  012937319
=003  Uk
=005  20220331222638.0
=008  070901s2007\\\\ch\a\\\f\b\\\\001\0\eng\d
=010  \\$a  2007279818
=015  \\$aGBA445415$2bnb
=016  7\$a012937319$2Uk
=020  \\$a9780470821350 (cased) :$c£60.00
=035  \\$a(OCoLC)ocm56644588
=040  \\$aStDuBDS$beng$cStDuBDS$dUk
=042  \\$aukblsr
=050  00$aHG1615.25$b.C46 2007
=082  04$a332.10681$222
=084  \\$a85.30$2bcl
=100  1\$aChoudhry, Moorad.
=245  10$aBank asset and liability management :$bstrategy, trading, analysis /$cMoorad Choudhry.
=260  \\$aChichester ;$aSingapore :$bWiley,$cc2007.
=300  \\$axxiii, 1415 p. :$bill. ;$c24 cm. +$e1 CD-ROM (4 3/4 in.)
=336  \\$atext$2rdacontent
=337  \\$aunmediated$2rdamedia
=338  \\$avolume$2rdacarrier
=500  \\$aFormerly CIP.$5Uk
=504  \\$aIncludes bibliographical references and index.
=540  \\$aCurrent Copyright Fee: GBP32.00$c0$5Uk
=650  \0$aAsset-liability management.
=650  \0$aBank management.
=690  7\$aManagement and Business Studies$2blcoll
=852  41$aBritish Library$bHMNTS$jYK.2008.a.14471
=852  41$aBritish Library$bDSC$jVm08/.50088
=852  \\$aBritish Library$bHMNTS
=856  42$3Contributor biographical information$uhttp://www.loc.gov/catdir/enhancements/fy0745/2007279818-b.html
=856  42$3Publisher description$uhttp://www.loc.gov/catdir/enhancements/fy0745/2007279818-d.html
=856  41$3Table of contents only$uhttp://www.loc.gov/catdir/enhancements/fy0745/2007279818-t.html
=BUF  \\$aN$d20080126
=CAT  \\$aBATCH$b00$c20040622$lBLL01$h1558
=CAT  \\$c20040622$lBLL01$h1559
=CAT  \\$c20040622$lBLL01$h1608
=CAT  \\$a11168$b40$c20070926$lBLL01$h1501
=CAT  \\$a11002$b40$c20080126$lBLL01$h0801
=CAT  \\$aBATCH-BUOC$b00$c20080131$lBLL01$h2143
=CAT  \\$a8874$b40$c20081219$lBLL01$h1004
=CAT  \\$aBATCH$b00$c20090611$lBLL01$h1710
=CAT  \\$aBATCH-CLAB$c20220330$lBLL01$h1642
=CAT  \\$aIPL-CLA$c20220331$lBLL01$h2226
=CAT  \\$aW2308-1659$c20230923$lBLL01$h0904
=CFI  0\$aCurrent Copyright Fee: GBP32.00$c0$e01-apr-2022$fGBP32.00$g0$hC$5Uk
=FIN  \\$aY$d20080126
=FMT  \\$a  BK
=LAS  \\$aW2308-1659$b00$c20230923$lBLL01$h0904
=SRC  \\$aBLL02

