=LDR  01600 am a2200457 a 4500
=001  012938691
=003  Uk
=005  20050706104503.0
=008  040623s2003\\\\nyuab\\\\b\\\\000\0\eng\\
=010  \\$a2003042328  
=020  \\$a9053303758
=020  \\$a0060087781
=040  \\$aDLC$cDLC$dDLC$dUk
=042  \\$aukblsr
=050  00$aDS134$b.B74 2003
=082  00$a909.04924$222
=100  1\$aBrenner, Frédéric,$d1959-
=245  10$aDiaspora :$bhomelands in exile /$cFrédéric Brenner.
=260  \\$aNew York :$bHarperCollins,$c2003.
=300  \\$a2 v. :$bill., map ;$c30 x 32 cm.
=336  \\$atext$2rdacontent
=337  \\$aunmediated$2rdamedia
=338  \\$avolume$2rdacarrier
=500  \\$aVol. 2 includes commentaries by leading contemporary intellectuals on a selection of the photographs in v. 1.
=504  \\$aIncludes bibliographical references.
=505  0\$a1. Photographs -- 2. Voices.
=650  \0$aJewish diaspora.
=650  \0$aJewish diaspora$vPictorial works.
=852  \\$aBritish Library$bHMNTS
=852  41$aBritish Library$bHMNTS$jLC.37.b.20
=852  41$aBritish Library$bHMNTS$jLD.37.b.16
=852  41$aBritish Library$bHMNTS$jLF.31.b.1205
=856  42$3Publisher description$uhttp://www.loc.gov/catdir/description/hc042/2003042328.html
=CAT  \\$aAGENCY4$b40$c20040623$lBLL01$h0932
=CAT  \\$a10938$b40$c20050706$lBLL01$h1045
=CAT  \\$aBATCH-UPD$b40$c20160127$lBLL01$h1753
=CAT  \\$aBATCH-UPD$b40$c20200212$lBLL01$h2032
=FIN  \\$aY$d20050706
=FMT  \\$a  BK
=LAS  \\$aBATCH-UPD$b40$c20200212$lBLL01$h2032
=SRC  \\$aBLL02

