=LDR  01976cam a2200553 a 4500
=001  012941817
=003  Uk
=005  20070306104134.0
=008  040128s2005\\\\caua\\\\\b\\\\001\0\eng\\
=010  \\$a2004101226  
=015  \\$aGBA446700$2bnb
=016  7\$a012941817$2Uk
=020  \\$a0534611281 (hbk.) :$cNo price
=040  \\$aStDuBDS$dUk
=050  00$aBF181$b.K35 2005
=082  00$a150.724$221
=100  1\$aKantowitz, Barry H.
=245  10$aExperimental psychology :$bunderstanding psychological research /$cBarry H. Kantowitz, Henry L. Roediger, David G. Elmes.
=250  \\$a8th ed.
=260  \\$aBelmont, CA ;$aLondon :$bThomson/Wadsworth,$cc2005.
=300  \\$axxiv, 560 p. :$bill. ;$c25 cm.
=336  \\$atext$2rdacontent
=337  \\$aunmediated$2rdamedia
=338  \\$avolume$2rdacarrier
=500  \\$aFormerly CIP.$5Uk
=504  \\$aIncludes bibliographical references (p. [511]-529) and indexes.
=650  \0$aPsychology, Experimental$vTextbooks.
=650  \0$aPsychology$xResearch$vTextbooks.
=700  1\$aRoediger, Henry L.,$cIII,$eEd.
=700  1\$aElmes, David G.$q(David Gordon),$d1942-2018.
=852  41$aBritish Library$bHMNTS$jYK.2007.a.3588
=852  41$aBritish Library$bDSC
=856  41$3Table of contents$uhttp://www.loc.gov/catdir/toc/fy051/2004101226.html
=CAT  \\$aBATCH$b00$c20040629$lBLL01$h1154
=CAT  \\$c20040629$lBLL01$h1155
=CAT  \\$c20040629$lBLL01$h1209
=CAT  \\$a9657$b40$c20041206$lBLL01$h1149
=CAT  \\$a12323$b40$c20060201$lBLL01$h0836
=CAT  \\$a9523$b40$c20070306$lBLL01$h1041
=CAT  \\$a5194$b40$c20150311$lBLL01$h1453
=CAT  \\$a5194$b40$c20150311$lBLL01$h1457
=CAT  \\$aWR16_021$c20160610$lBLL01$h1946
=CAT  \\$aBATCH-UPD$b00$c20160610$lBLL01$h2058
=CAT  \\$aBATCH-UPD$b00$c20180909$lBLL01$h2133
=CAT  \\$aW2308-1659$c20230923$lBLL01$h0904
=FIN  \\$aY
=FMT  \\$a  BK
=LAS  \\$aW2308-1659$b00$c20230923$lBLL01$h0904
=SRC  \\$aBLL02

