=LDR  01654cam a2200481   4500
=001  012942094
=003  Uk
=005  20061025112401.0
=008  031029s2004\\\\mou\\\\\\\\\\\000\0\eng\\
=010  \\$a2003114748  
=015  \\$aGBA446976$2bnb
=016  7\$a012942094$2Uk
=020  \\$a0740741985 (pbk.) :$c£6.99
=040  \\$aStDuBDS$dUk
=042  \\$aukblsr
=050  00$aPN6231.P67$bN88 2004
=082  04$a793.5$222
=100  1\$aNyberg, Tim,$d1953-
=245  14$aThe practical joker's handbook /$ccollected by Tim Nyberg.
=250  \\$a1st ed.
=260  \\$aKansas, Mo. :$bAndrews McMeel,$c2004.
=300  \\$avii, 174 p. ;$c18 cm.
=336  \\$atext$2rdacontent
=337  \\$aunmediated$2rdamedia
=338  \\$avolume$2rdacarrier
=500  \\$a"Featuring mischievously funny ideas from well-seasoned paractical jokers around the world."
=500  \\$aFormerly CIP.$5Uk
=650  \0$aPractical jokes.
=852  41$aBritish Library$bHMNTS$jYK.2006.a.16782
=852  \\$aBritish Library$bHMNTS
=856  42$3Contributor biographical information$uhttp://www.loc.gov/catdir/bios/simon053/2003114748.html
=856  42$3Publisher description$uhttp://www.loc.gov/catdir/description/simon052/2003114748.html
=CAT  \\$aBATCH$b00$c20040629$lBLL01$h1154
=CAT  \\$c20040629$lBLL01$h1156
=CAT  \\$c20040629$lBLL01$h1209
=CAT  \\$a12327$b40$c20050718$lBLL01$h1233
=CAT  \\$a10883$b40$c20061025$lBLL01$h1124
=CAT  \\$aWR16_021$c20160610$lBLL01$h1946
=CAT  \\$aW2308-1659$c20230923$lBLL01$h0904
=FIN  \\$aY$d20061025
=FMT  \\$a  BK
=LAS  \\$aW2308-1659$b00$c20230923$lBLL01$h0904
=SRC  \\$aBLL02

