=LDR  01869cam a2200517 a 4500
=001  012943045
=003  Uk
=005  20100610212231.0
=008  040528s2004\\\\ctua\\\e\\\\\\000\0\eng\\
=010  \\$a2004048753  
=015  \\$aGBA447927$2bnb
=016  7\$a012943045$2Uk
=020  \\$a1592283829 (pbk.) :$c£12.99
=040  \\$aStDuBDS$beng$cStDuBDS$dUk
=042  \\$aukblsr
=082  00$a355.47$222
=245  00$aU.S. Army map reading and land navigation handbook /$cDepartment of the Army.
=246  30$aMap reading and land navigation handbook
=260  \\$aGuilford, Conn. :$bLyons Press,$c2004.
=300  \\$a1 v. (various pagings) :$bill. ;$c24 cm.
=336  \\$atext$2rdacontent
=337  \\$aunmediated$2rdamedia
=338  \\$avolume$2rdacarrier
=500  \\$aFormerly CIP.$5Uk
=504  \\$aIncludes bibliographical references and index.
=610  10$aUnited States.$bArmy$vHandbooks, manuals, etc.
=650  \0$aMap reading$vHandbooks, manuals, etc.
=650  \0$aMilitary maps$vHandbooks, manuals, etc.
=710  1\$aUnited States.$bDepartment of the Army.
=852  41$aBritish Library$bMAPS$jMaps Ref B.3b.(38.)
=852  \\$aBritish Library$bHMNTS
=856  42$3Publisher description$uhttp://www.loc.gov/catdir/description/globe051/2004048753.html
=985  \\$aRecord amended for WR# 13/070
=BUF  \\$aN$d20080208
=CAT  \\$aBATCH$b00$c20040629$lBLL01$h1154
=CAT  \\$c20040629$lBLL01$h1156
=CAT  \\$c20040629$lBLL01$h1210
=CAT  \\$a10904$b40$c20080208$lBLL01$h1358
=CAT  \\$a8876$b40$c20080310$lBLL01$h1357
=CAT  \\$aBATCH-BUOC$b00$c20100610$lBLL01$h2122
=CAT  \\$aWR13_070$b00$c20130504$lBLL01$h0234
=CAT  \\$aWR16_021$c20160610$lBLL01$h1946
=CAT  \\$aW2308-1659$c20230923$lBLL01$h0904
=FIN  \\$aY$d20080208
=FMT  \\$a  BK
=LAS  \\$aW2308-1659$b00$c20230923$lBLL01$h0904

