=LDR  02692cam a2200733 a 4500
=001  012947095
=003  Uk
=005  20230924064637.0
=008  041213s2004\\\\dcuab\\\\b\\\\000\0\eng\\
=010  \\$a2004304824
=015  \\$aGBA449714$2bnb
=016  7\$a012947095$2Uk
=020  \\$a0821357247 (cased) :$c£30.00
=020  \\$a0821356828 (pbk.) :$c£14.99
=035  \\$a(DLC)13813284
=035  \\$a(DLC) 2004304824
=035  \\$a(OCoLC)ocm56668270
=040  \\$aStDuBDS$dUk
=042  \\$aukblsr
=082  04$a338.9109051$222
=245  02$aA better investment climate for everyone.
=260  \\$aWashington, D.C. :$bWorld Bank ;$aNew York, N.Y. ;$a[Great Britain] :$bOxford University Press,$cc2004.
=300  \\$axvi, 271 p. :$bcol. ill., col. map ;$c27 cm.
=336  \\$atext$2rdacontent
=337  \\$aunmediated$2rdamedia
=338  \\$avolume$2rdacarrier
=490  0\$aWorld development report,$x0163-5085 ;$v2005
=500  \\$a"This Report has been prepared by a team led by Warrick Smith ... "--P. xv.
=504  \\$aIncludes bibliographical references.
=530  \\$aAlso available via the Internet.
=540  \\$aBritish Library not licensed to copy$c0$5Uk
=540  \\$aBritish Library not licensed to copy$c0$5Uk
=650  \0$aInvestments.
=650  \0$aCommercial policy.
=650  \0$aBusiness enterprises.
=650  \0$aEconomic policy.
=650  \0$aCosts, Industrial.
=690  7\$aManagement and Business Studies$2blcoll
=700  1\$aSmith, Warrick,$d1960-
=710  2\$aWorld Bank.
=852  41$aBritish Library$bDSC
=852  \\$aBritish Library$bHMNTS
=852  41$aBritish Library$bDSC$j9354.170000$i2005
=856  41$3Full text:$uhttp://econ.worldbank.org/wdr/wdr2005
=CAT  \\$aBATCH$b00$c20040706$lBLL01$h1459
=CAT  \\$c20040706$lBLL01$h1500
=CAT  \\$c20040706$lBLL01$h1509
=CAT  \\$a7164$b40$c20041028$lBLL01$h1103
=CAT  \\$a7732$b40$c20041214$lBLL01$h1303
=CAT  \\$a6506$b40$c20041222$lBLL01$h1608
=CAT  \\$a6506$b40$c20050216$lBLL01$h0944
=CAT  \\$aBATCH$b00$c20090611$lBLL01$h1710
=CAT  \\$aBATCH-CLA$b00$c20150325$lBLL01$h1826
=CAT  \\$aIPL-CLA$c20150331$lBLL01$h1636
=CAT  \\$aWR16_021$c20160610$lBLL01$h1947
=CAT  \\$aBATCH-CLA$b00$c20160611$lBLL01$h0141
=CAT  \\$aW2308-1659$c20230923$lBLL01$h0904
=CAT  \\$aBATCH-CLA$b00$c20230924$lBLL01$h0646
=CFI  0\$aBritish Library not licensed to copy$c0$e01-apr-2015$hC$iCFP Excluded$5Uk
=CFI  0\$aBritish Library not licensed to copy$c0$e01-apr-2015$hC$iCFP Excluded$5Uk
=FIN  \\$aY$d20041222
=FMT  \\$a  BK
=LAS  \\$aBATCH-CLA$b00$c20230924$lBLL01$h0646
=SID  \\$aZ39$bLOC

