=LDR  03679cam a2200925 u 4500
=001  012952531
=003  Uk
=005  20221231205745.0
=008  040420s2004\\\\ne\a\\\\\b\\\\001\0\eng\\
=010  \\$a2004049728  
=015  \\$aGBA632764$2bnb
=016  7\$a012952531$2Uk
=019  g\$aadv5005121730
=019  a\$aG07988418
=020  \\$a9027241260 (Europe : cased) :$cNo price
=020  \\$a9027241279 (Europe : pbk.) :$cNo price
=020  \\$a1556197381 (U.S. : cased) :$cNo price
=020  \\$a155619739X (U.S. : pbk.) :$cNo price
=040  \\$aUk$beng$cUk$dUk
=042  \\$aukblsr
=050  00$aP115.4$b.P37 2004
=082  00$a404.2019$222
=100  1\$aParadis, Michel.
=245  12$aA neurolinguistic theory of bilingualism /$cMichel Paradis.
=260  \\$aAmsterdam ;$a[Great Britain] :$bJ. Benjamins Pub.,$cc2004.
=300  \\$aviii, 299 p. :$bill. ;$c23 cm.
=336  \\$atext$2rdacontent
=337  \\$aunmediated$2rdamedia
=338  \\$avolume$2rdacarrier
=490  0\$aStudies in bilingualism,$x0928-1533 ;$vv. 18
=504  \\$aIncludes bibliographical references (p. [249]-293 and index.
=540  \\$aCurrent Copyright Fee: GBP25.00$c0$5Uk
=650  \0$aBilingualism$xPsychological aspects.
=650  \0$aBilingualism$xPhysiological aspects.
=650  \0$aNeurolinguistics.
=852  41$aBritish Library$bHMNTS$jZA.9.a.5176 (.....)
=852  41$aBritish Library$bDSC$j8489.662000
=852  41$aBritish Library$bHMNTS
=852  41$aBritish Library$bHMNTS$jYC.2006.a.7220
=852  41$aBritish Library$bHMNTS$jZA.9.a.5176(18)
=852  41$aBritish Library$bDSC$j8489.662000$iNumber 18(2004)
=856  41$3Table of contents$uhttp://www.loc.gov/catdir/toc/fy051/2004049728.html
=ACF  \\$aPrevious Copyright Fee: GBP12.30$c0$e01-jan-2014$fGBP12.30$g0$hA$5Uk
=ACF  \\$aPrevious Copyright Fee: GBP15.00$c0$e01-jan-2017$fGBP15.00$g0$hA$5Uk
=ACF  \\$aPrevious Copyright Fee: GBP20.00$c0$e01-jan-2020$fGBP20.00$g0$hA$5Uk
=CAT  \\$a6506$b40$c20040716$lBLL01$h1106
=CAT  \\$a6506$b40$c20040813$lBLL01$h1435
=CAT  \\$a5375$b40$c20041021$lBLL01$h1202
=CAT  \\$a9657$b40$c20060319$lBLL01$h1138
=CAT  \\$aglobal_upd$b40$c20060417$lBLL01$h1527
=CAT  \\$aBATCH$b00$c20091211$lBLL01$h0059
=CAT  \\$aBATCH$b00$c20100103$lBLL01$h1128
=CAT  \\$aBATCH-CLA$b00$c20120928$lBLL01$h1834
=CAT  \\$aBATCH-CLA$b00$c20120930$lBLL01$h1043
=CAT  \\$aBATCH-CLA$b00$c20130508$lBLL01$h0729
=CAT  \\$aBATCH-CLA$c20131220$lBLL01$h2028
=CAT  \\$aIPL-CLA$c20131231$lBLL01$h2339
=CAT  \\$aWR16_021$c20160610$lBLL01$h1948
=CAT  \\$aBATCH-CLA$b00$c20160611$lBLL01$h0141
=CAT  \\$aBATCH-CLA$b00$c20161222$lBLL01$h1803
=CAT  \\$aIPL-CLA$c20161230$lBLL01$h2126
=CAT  \\$aBATCH-CLA$b00$c20171222$lBLL01$h2124
=CAT  \\$aIPL-CLA$c20171231$lBLL01$h1632
=CAT  \\$aBATCH-CLA$b00$c20191219$lBLL01$h1731
=CAT  \\$aIPL-CLA$c20191231$lBLL01$h1928
=CAT  \\$aR2001-1524$c20200127$lBLL01$h2005
=CAT  \\$aBATCH-CLA$b00$c20200128$lBLL01$h0435
=CAT  \\$aBATCH-CLA$b00$c20201204$lBLL01$h1532
=CAT  \\$aIPL-CLA$c20201231$lBLL01$h2152
=CAT  \\$aBATCH-CLA$b00$c20221221$lBLL01$h1840
=CAT  \\$aIPL-CLA$c20221231$lBLL01$h2057
=CFI  0\$aCurrent Copyright Fee: GBP25.00$c0$e01-jan-2023$fGBP25.00$g0$hA$5Uk
=CFI  2\$aPrevious Copyright Fee: GBP22.50$c0$e01-jan-2021$fGBP22.50$g0$hA$5Uk
=FIN  \\$aY$d20060319
=FMT  \\$a  BK
=LAS  \\$aIPL-CLA$b00$c20221231$lBLL01$h2057
=LEO  \\$aMP8.0001903870
=SRC  \\$aDSC01$bbibmp8.200404.2.ac
=SRC  \\$aBLL02
=TCO  \\$aNLD$bSTICHTING REPRORECHT$c008

