=LDR  02246cam a2200589 a 4500
=001  012959020
=003  Uk
=005  20060717111452.0
=008  031212s2004\\\\njua\\\\\\\\\\001\0\eng\\
=010  \\$a2003026690
=015  \\$aGBA454781$2bnb
=016  7\$a012959020$2Uk
=020  \\$a0471482560 (cloth : alk. paper) :$cNo price
=035  \\$a(UkOxU)UkOxUb15871585
=040  \\$aStDuBDS$dUk
=042  \\$aukscp
=050  00$aHG179.5$b.K56 2004
=082  04$a332.02400688$222
=100  1\$aKinney, Derrick.
=245  10$aMaster the media to attract your ideal clients :$ba personal marketing system for financial professionals /$cDerrick Kinney.
=260  \\$aHoboken, N.J. ;$a[Great Britain] :$bJohn Wiley,$cc2004.
=300  \\$aiii, 250 p. :$bill. ;$c24 cm.
=336  \\$atext$2rdacontent
=337  \\$aunmediated$2rdamedia
=338  \\$avolume$2rdacarrier
=500  \\$aIncludes index.
=500  \\$aFormerly CIP.$5Uk
=505  0\$aExploit your strengths -- Breaking into the media -- Learn the ropes -- Be the expert -- Create the brand -- Getting the business.
=650  \0$aFinancial planners$xMarketing.
=650  \0$aFinance$xPress coverage.
=690  7\$aManagement and Business Studies$2blcoll
=852  41$aBritish Library$bHMNTS$jYK.2006.a.13561
=852  41$aBritish Library$bHMNTS
=856  42$3Publisher description$uhttp://www.loc.gov/catdir/description/wiley042/2003026690.html
=856  41$3Table of contents$uhttp://www.loc.gov/catdir/toc/ecip0412/2003026690.html
=CAT  \\$aBATCH$b00$c20040727$lBLL01$h0933
=CAT  \\$c20040727$lBLL01$h0934
=CAT  \\$c20040727$lBLL01$h0941
=CAT  \\$a12324$b40$c20050209$lBLL01$h1606
=CAT  \\$aBATCH$b00$c20050718$lBLL01$h2301
=CAT  \\$c20050718$lBLL01$h2302
=CAT  \\$aBATCH$b00$c20050718$lBLL01$h2302
=CAT  \\$a11169$b40$c20060615$lBLL01$h1018
=CAT  \\$a11169$b40$c20060615$lBLL01$h1213
=CAT  \\$a11169$b40$c20060717$lBLL01$h0951
=CAT  \\$a11169$b40$c20060717$lBLL01$h1114
=CAT  \\$aBATCH$b00$c20090611$lBLL01$h1711
=CAT  \\$aWR16_021$c20160610$lBLL01$h1949
=CAT  \\$aW2308-1659$c20230923$lBLL01$h0906
=FIN  \\$aY$d20060615
=FMT  \\$a  BK
=LAS  \\$aW2308-1659$b00$c20230923$lBLL01$h0906

