=LDR  01882cam a2200517 a 4500
=001  012972451
=003  Uk
=005  20070621213636.0
=008  040617s2004\\\\inua\\\\\b\\\\000\0\eng\\
=010  \\$a  2004014336
=015  \\$aGBA460361$2bnb
=016  7\$a012972451$2Uk
=020  \\$a1893732754 (pbk.) :$c£8.99
=040  \\$aStDuBDS$beng$cStDuBDS$dUk
=042  \\$aukblsr
=050  00$aBL619.P5$bS45 2004
=082  00$a203.51$222
=100  1\$aSellner, Edward Cletus.
=245  10$aPilgrimage /$cEdward C. Sellner.
=260  \\$aNotre Dame, Ind. :$bSorin,$cc2004.
=300  \\$a220 p. :$bill. ;$c18 cm.
=336  \\$atext$2rdacontent
=337  \\$aunmediated$2rdamedia
=338  \\$avolume$2rdacarrier
=490  1\$aExploring a great spiritual practice
=500  \\$aFormerly CIP.$5Uk
=504  \\$aIncludes bibliographical references.
=505  0\$aThe practice of pilgrimage -- Ancient stories and traditions -- From desert pilgrims and Celtic voyagers to Russian saints -- Stages of pilgrimage -- How to do it : common elements of pilgrimage.
=650  \0$aPilgrims and pilgrimages.
=830  \0$aExploring a great spiritual practice.
=852  41$aBritish Library$bHMNTS$jYK.2007.a.9048
=852  41$aBritish Library$bHMNTS
=856  41$3Table of contents$uhttp://www.loc.gov/catdir/toc/ecip0419/2004014336.html
=BUF  \\$aN$d20070614
=CAT  \\$aBATCH$b00$c20040817$lBLL01$h2040
=CAT  \\$c20040817$lBLL01$h2041
=CAT  \\$c20040817$lBLL01$h2046
=CAT  \\$a6524$b40$c20070614$lBLL01$h1120
=CAT  \\$aBATCH-BUOC$b00$c20070621$lBLL01$h2136
=CAT  \\$aBATCH$b00$c20091217$lBLL01$h0325
=CAT  \\$aWR16_021$c20160610$lBLL01$h1952
=CAT  \\$aBATCH-UPD$b00$c20160610$lBLL01$h2148
=CAT  \\$aW2308-1659$c20230923$lBLL01$h0907
=FIN  \\$aY$d20070614
=FMT  \\$a  BK
=LAS  \\$aW2308-1659$b00$c20230923$lBLL01$h0907

