=LDR  02138cam a2200613 a 4500
=001  012991337
=003  Uk
=005  20061117140824.0
=008  040512s2005\\\\nyua\\\\\\\\\\001\0\eng\\
=010  \\$a  2004042249
=015  \\$aGBA466405$2bnb
=016  7\$a012991337$2Uk
=020  \\$a047148816X (hbk.) :$c£35.95
=020  \\$a0471658723 (Wiley international ed.) :$cNo price
=040  \\$aStDuBDS$dUk
=042  \\$aukblsr
=050  00$aGE105$b.B68 2005
=082  00$a363.7$222
=100  1\$aBotkin, Daniel B.
=245  10$aEnvironmental science :$bearth as a living planet /$cDaniel B. Botkin, Edward A. Keller.
=250  \\$a5th ed.
=260  \\$aHoboken, N.J. :$bWiley,$c2005
=300  \\$axxvii, 664 p. :$bcol. ill. ;$c29 cm.
=336  \\$atext$2rdacontent
=337  \\$aunmediated$2rdamedia
=338  \\$avolume$2rdacarrier
=500  \\$aFormerly CIP.$5Uk
=500  \\$aIncludes index.
=650  \0$aEnvironmental sciences.
=650  \0$aEnvironmental sciences$vCase studies.
=650  \0$aHuman ecology.
=650  \0$aBiological diversity.
=650  \0$aSustainable development.
=700  1\$aKeller, Edward A.,$d1942-
=852  41$aBritish Library$bHMNTS
=852  41$aBritish Library$bHMNTS$jYK.2006.b.1010
=856  42$3Publisher description$uhttp://www.loc.gov/catdir/description/wiley042/2004042249.html
=856  41$3Table of contents$uhttp://www.loc.gov/catdir/toc/wiley041/2004042249.html
=CAT  \\$aBATCH$b00$c20040914$lBLL01$h1703
=CAT  \\$c20040914$lBLL01$h1704
=CAT  \\$c20040914$lBLL01$h1707
=CAT  \\$a12325$b40$c20060106$lBLL01$h1558
=CAT  \\$aBATCH-BUOC$b00$c20060112$lBLL01$h1722
=CAT  \\$c20060124$lBLL01$h1656
=CAT  \\$a9523$b40$c20060325$lBLL01$h0911
=CAT  \\$a9523$b40$c20060325$lBLL01$h0912
=CAT  \\$a10896$b40$c20061117$lBLL01$h1408
=CAT  \\$aBATCH-UPD$b40$c20140910$lBLL01$h1842
=CAT  \\$aWR16_021$c20160610$lBLL01$h1955
=CAT  \\$aBATCH-UPD$b00$c20160625$lBLL01$h1708
=CAT  \\$aW2308-1659$c20230923$lBLL01$h0908
=FIN  \\$aY$d20060106
=FMT  \\$a  BK
=LAS  \\$aW2308-1659$b00$c20230923$lBLL01$h0908

