=LDR  01126 am a2200361 a 4500
=001  012993413
=003  Uk
=005  20050128120047.0
=008  940322s1994\\\\nyu\\\\\\\\\\\000\0\eng\\
=010  \\$a   94014508 
=020  \\$a0679435808
=040  \\$aDLC$cDLC$dDLC$dUk
=042  \\$aukblsr
=050  00$aPS3562.E9$bS56 1994
=082  00$a811.54$220
=100  1\$aLevine, Philip,$d1928-2015.
=245  14$aThe simple truth :$bpoems /$cby Philip Levine.
=250  \\$a1st ed.
=260  \\$aNew York :$bAlfred A. Knopf,$c1994.
=300  \\$aviii, 69 p. ;$c24 cm.
=336  \\$atext$2rdacontent
=337  \\$aunmediated$2rdamedia
=338  \\$avolume$2rdacarrier
=852  41$aBritish Library$bHMNTS$jYD.2005.a.1662
=852  41$aBritish Library$bHMNTS
=856  42$3Publisher description$uhttp://www.loc.gov/catdir/description/random049/94014508.html
=CAT  \\$a9723$b40$c20040916$lBLL01$h1104
=CAT  \\$a5375$b40$c20050128$lBLL01$h1200
=CAT  \\$aBATCH-UPD$b40$c20150220$lBLL01$h2053
=FIN  \\$aY$d20050128
=FMT  \\$a  BK
=LAS  \\$aBATCH-UPD$b40$c20150220$lBLL01$h2053
=SRC  \\$aBLL02$bpart.2.ar

