=LDR  03054cam a2200589 a 4500
=001  012997680
=003  Uk
=005  20050216114736.0
=008  040108s2004\\\\nju\\\\\\b\\\\001\0\eng\\
=010  \\$a2004000300
=015  \\$aGBA469089$2bnb
=016  7\$a012997680$2Uk
=020  \\$a0813534607 (cased) :$cNo price
=020  \\$a0813534615 (pbk.) :$cNo price
=040  \\$aStDuBDS$dUk
=042  \\$aukblsr
=043  \\$acl-----
=050  00$aBL2540$b.R47 2004
=082  00$a306.6098$222
=245  00$aResurgent voices in Latin America :$bindigenous peoples, political mobilization, and religious change /$cedited by Edward L. Cleary, Timothy J. Steigenga.
=260  \\$aNew Brunswick, N.J. ;$aLondon :$bRutgers University Press,$cc2004.
=300  \\$avii, 268 p. ;$c24 cm.
=336  \\$atext$2rdacontent
=337  \\$aunmediated$2rdamedia
=338  \\$avolume$2rdacarrier
=500  \\$aFormerly CIP.$5Uk
=504  \\$aIncludes bibliographical references and index.
=505  0\$aResurgent voice : Indians, politics, and religion in Latin America / Edward L. Cleary and Timothy J. Steigenga -- From civil society to collective action : the politics of religion in Ecuador / Alison Brysk -- New voice in religion and politics in Bolivia and Peru / Edward L. Cleary -- Breaking down religious barriers : indigenous people and Christian churches in Paraguay / Ren, Harder Horst -- Entangled histories : the Catholic Church and the Maya, 1940 to the present / Bruce J. Calder -- "God was already here when Columbus arrived" : inculturation theology and the Mayan Movement in Guatemala / Virginia Garrard-Burnett -- "Knowing where we enter" : indigenous theology and the popular church in Oaxaca, Mexico / Kristin Norget -- Maya Catholics in Chiapas, Mexico : practicing faith on their own terms / Christine Kovic -- The indigenous theology movement in Latin America : encounters of memory resistance, and hope at the crossroads / Stephen P. Judd -- Listening to resurgent voices / Timothy J. Steigenga.
=650  \0$aReligion and sociology$zLatin America.
=650  \0$aReligion and politics$zLatin America.
=651  \0$aLatin America$xReligion.
=690  7\$aSocial Welfare$2blcoll
=700  1\$aCleary, Edward L.
=700  1\$aSteigenga, Timothy J.,$d1965-
=852  41$aBritish Library$bHMNTS
=852  41$aBritish Library$bDSC$jm04/.38369
=856  41$3Table of contents$uhttp://www.loc.gov/catdir/toc/ecip0413/2004000300.html
=CAT  \\$aBATCH$b00$c20040921$lBLL01$h1703
=CAT  \\$c20040921$lBLL01$h1704
=CAT  \\$c20040921$lBLL01$h1708
=CAT  \\$c20041124$lBLL01$h1603
=CAT  \\$c20041124$lBLL01$h1604
=CAT  \\$a10883$b40$c20041206$lBLL01$h1601
=CAT  \\$a12323$b40$c20050216$lBLL01$h1147
=CAT  \\$aBATCH$b00$c20110625$lBLL01$h0510
=CAT  \\$aBATCH-SWP4$c20110627$lBLL01$h1551
=CAT  \\$aWR16_021$c20160610$lBLL01$h1956
=CAT  \\$aW2308-1659$c20230923$lBLL01$h0909
=FIN  \\$aY
=FMT  \\$a  BK
=LAS  \\$aW2308-1659$b00$c20230923$lBLL01$h0909
=SID  \\$aZ39$bLOC

