=LDR  02928cam a2200721 a 4500
=001  013001021
=003  Uk
=005  20221231210038.0
=008  040116s2004\\\\ne\abc\\\b\\\\001\0\eng\\
=010  \\$a2004043504  
=020  \\$a9004138501
=040  \\$aUk$beng$cUk
=042  \\$aukblsr
=043  \\$ae-ne---
=050  00$aDJ135$b.S52 2004
=082  00$a359.009492$222
=100  1\$aSicking, Louis,$d1966-
=245  10$aNeptune and the Netherlands :$bstate, economy, and war at sea in the Renaissance /$cby Louis Sicking.
=260  \\$aLeiden :$bBrill,$c2004.
=300  \\$axxxi, 551 p., [16] p. of plates :$bill. (some col.), maps, ports. (some col.) ;$c25 cm.
=336  \\$atext$2rdacontent
=337  \\$aunmediated$2rdamedia
=338  \\$avolume$2rdacarrier
=490  1\$aHistory of warfare,$x1385-7827 ;$vv. 23
=504  \\$aIncludes bibliographical references (p. [507]-532) and index.
=540  \\$aCurrent Copyright Fee: GBP25.00$c0$5Uk
=650  \0$aAdmiralty$zNetherlands$xHistory.
=651  \0$aNetherlands$xHistory, Naval.
=651  \0$aNetherlands$xHistory$yHouse of Habsburg, 1477-1556.
=830  \0$aHistory of warfare,$x1385-7827 ;$vv. 23
=852  41$aBritish Library$bDSC$j4318.616600
=852  41$aBritish Library$bHMNTS$jZA.9.a.9590 (.....)
=852  41$aBritish Library$bHMNTS
=856  41$3Table of contents$uhttp://www.loc.gov/catdir/toc/fy051/2004043504.html
=ACF  \\$aPrevious Copyright Fee: GBP12.30$c0$e01-jan-2014$fGBP12.30$g0$hA$5Uk
=ACF  \\$aPrevious Copyright Fee: GBP15.00$c0$e01-jan-2017$fGBP15.00$g0$hA$5Uk
=ACF  \\$aPrevious Copyright Fee: GBP20.00$c0$e01-jan-2020$fGBP20.00$g0$hA$5Uk
=CAT  \\$a5264$b40$c20040928$lBLL01$h1119
=CAT  \\$a11250$b40$c20060912$lBLL01$h1344
=CAT  \\$aBATCH$b00$c20091217$lBLL01$h0328
=CAT  \\$aBATCH-CLA$b00$c20140102$lBLL01$h0314
=CAT  \\$aBATCH-CLA$b00$c20161222$lBLL01$h1804
=CAT  \\$aIPL-CLA$c20161230$lBLL01$h2129
=CAT  \\$aBATCH-CLA$b00$c20171222$lBLL01$h2124
=CAT  \\$aIPL-CLA$c20171231$lBLL01$h1635
=CAT  \\$aBATCH-CLA$b00$c20191219$lBLL01$h1731
=CAT  \\$aIPL-CLA$c20191231$lBLL01$h1929
=CAT  \\$aR2001-1524$c20200127$lBLL01$h2006
=CAT  \\$aBATCH-CLA$b00$c20200128$lBLL01$h0423
=CAT  \\$aBATCH-CLA$b00$c20201204$lBLL01$h1532
=CAT  \\$a7764$b40$c20201211$lBLL01$h1308
=CAT  \\$aBATCH-CLA$b00$c20201212$lBLL01$h0107
=CAT  \\$aBATCH-CLA$b00$c20210112$lBLL01$h1154
=CAT  \\$aIPL-CLA$c20210112$lBLL01$h1202
=CAT  \\$aBATCH-CLA$b00$c20221221$lBLL01$h1841
=CAT  \\$aIPL-CLA$c20221231$lBLL01$h2100
=CFI  0\$aCurrent Copyright Fee: GBP25.00$c0$e01-jan-2023$fGBP25.00$g0$hA$5Uk
=CFI  2\$aPrevious Copyright Fee: GBP22.50$c0$e12-jan-2021$fGBP22.50$g0$hA$5Uk
=FIN  \\$aY
=FMT  \\$a  BK
=LAS  \\$aIPL-CLA$b00$c20221231$lBLL01$h2100
=SRC  \\$aBLL02
=TCO  \\$aNLD$bSTICHTING REPRORECHT$c008

