=LDR  02158cam a2200553 a 4500
=001  013002267
=003  Uk
=005  20060330121522.0
=008  040109s2004\\\\njuac\\\\b\\\\001\0\eng\\
=010  \\$a2004000305  
=015  \\$aGBA470301$2bnb
=016  7\$a013002267$2Uk
=020  \\$a0813534763 (pbk.) :$c£12.50
=020  \\$a0813534755 :$c£40.50
=040  \\$aStDuBDS$dUk
=042  \\$aukblsr
=050  00$aBP605.R338$bP35 2004
=082  00$a299$222
=100  1\$aPalmer, Susan J.
=245  10$aAliens adored :$bRael's UFO religion /$cSusan J. Palmer.
=260  \\$aNew Brunswick, N.J. ;$aLondon :$bRutgers University Press,$cc2004.
=300  \\$a226 p. :$bill., ports. ;$c24 cm.
=336  \\$atext$2rdacontent
=337  \\$aunmediated$2rdamedia
=338  \\$avolume$2rdacarrier
=500  \\$aFormerly CIP.$5Uk
=504  \\$aIncludes bibliographical references (p. [215]-221) and index.
=505  0\$aIntroduction: How I researched the Raelians -- Contactee prophets in the history of UFOlogy -- The last and fastest prophet -- On how to construct a new religion -- Mutating the millennium -- A visit to the court of Raël -- Sexy angels for amorous aliens -- "Enemies within!" -- Cloning around-hoax or heresy? -- "Science is our religion".
=600  10$aVorilhon, Claude.
=610  20$aRaelian Movement.
=852  41$aBritish Library$bHMNTS$jYK.2006.a.9316
=852  41$aBritish Library$bDSC
=856  41$3Table of contents$uhttp://www.loc.gov/catdir/toc/ecip0413/2004000305.html
=CAT  \\$aBATCH$b00$c20040928$lBLL01$h1703
=CAT  \\$c20040928$lBLL01$h1703
=CAT  \\$c20040928$lBLL01$h1708
=CAT  \\$c20041124$lBLL01$h1603
=CAT  \\$c20041124$lBLL01$h1604
=CAT  \\$a9523$b40$c20041204$lBLL01$h1158
=CAT  \\$a12325$b40$c20050310$lBLL01$h1520
=CAT  \\$a9523$b40$c20060330$lBLL01$h1215
=CAT  \\$aBATCH-UPD$b40$c20140906$lBLL01$h0834
=CAT  \\$aWR16_021$c20160610$lBLL01$h1956
=CAT  \\$aBATCH-UPD$b00$c20230823$lBLL01$h2040
=CAT  \\$aW2308-1659$c20230923$lBLL01$h0909
=FIN  \\$aY
=FMT  \\$a  BK
=LAS  \\$aW2308-1659$b00$c20230923$lBLL01$h0909
=SRC  \\$aBLL02

