=LDR  02170cam a2200613 a 4500
=001  013012748
=003  Uk
=005  20060815113501.0
=008  040928s2005\\\\nyua\\\\\b\\\\001\0\eng\\
=010  \\$a  2004043161
=015  \\$aGBA473665$2bnb
=016  7\$a013012748$2Uk
=020  \\$a1403966605 (pbk.) :$c£14.99
=020  \\$a1403966583 (hbk.) :$c£50.00
=040  \\$aStDuBDS$dUk
=042  \\$aukblsr
=043  \\$aa-io---
=050  00$aBP43.I5$bL84 2005
=082  00$a297.095982$222
=100  1\$aLukens-Bull, Ronald.
=245  12$aA peaceful Jihad :$bnegotiating identity and modernity in Muslim Java /$cRonald Lukens-Bull.
=250  \\$a1st ed.
=260  \\$aNew York ;$aBasingstoke :$bPalgrave Macmillan,$c2005.
=300  \\$axvii, 152 p. :$bill. ;$c22 cm.
=336  \\$atext$2rdacontent
=337  \\$aunmediated$2rdamedia
=338  \\$avolume$2rdacarrier
=490  1\$aContemporary anthropology of religion
=500  \\$aFormerly CIP.$5Uk
=504  \\$aIncludes bibliographical references (p. [139]-147) and index.
=650  \0$aIslamic religious education$zIndonesia$zJava.
=650  \0$aIslamic modernism$zIndonesia$zJava.
=650  \0$aIslam$xSocial aspects$xIndonesia$zJava.
=650  \0$aIslam and state$zIndonesia$zJava.
=651  \0$aJava (Indonesia)$xReligion.
=830  \0$aContemporary anthropology of religion.
=852  \\$aBritish Library$bHMNTS
=852  41$aBritish Library$bDSC$jm05/.24605
=852  41$aBritish Library$bHMNTS$jYC.2006.a.15328
=856  42$3Publisher description$uhttp://www.loc.gov/catdir/description/hol053/2004043161.html
=CAT  \\$aBATCH$b00$c20041012$lBLL01$h1703
=CAT  \\$c20041012$lBLL01$h1704
=CAT  \\$c20041012$lBLL01$h1708
=CAT  \\$a7732$b40$c20050615$lBLL01$h0916
=CAT  \\$c20050913$lBLL01$h1704
=CAT  \\$a7732$b40$c20060815$lBLL01$h1135
=CAT  \\$aBATCH$b00$c20091217$lBLL01$h0330
=CAT  \\$aWR16_021$c20160610$lBLL01$h1958
=CAT  \\$aBATCH-UPD$b00$c20160610$lBLL01$h2238
=CAT  \\$aW2308-1659$c20230923$lBLL01$h0910
=FIN  \\$aY$d20060815
=FMT  \\$a  BK
=LAS  \\$aW2308-1659$b00$c20230923$lBLL01$h0910
=SRC  \\$aBLL02

