=LDR  01888cam a2200505 a 4500
=001  013017777
=003  Uk
=005  20050927113359.0
=008  050419s2005\\\\enk\\\\\\b\\\\001\0\eng\\
=010  \\$a  2005011110
=015  \\$aGBA474954$2bnb
=016  7\$a013017777$2Uk
=020  \\$a9780199244263 :$c£17.99
=020  \\$a019924426X :$c£17.99
=040  \\$aStDuBDS$dUk
=042  \\$aukblsr
=043  \\$ae-uk---
=050  00$aJN238$b.J83 2005
=082  00$a320.441$222
=100  1\$aJudge, David.
=245  10$aPolitical institutions in the United Kingdom /$cDavid Judge.
=260  \\$aOxford :$bOxford University Press,$c2005.
=300  \\$axiv, 323 p. ;$c24 cm.
=336  \\$atext$2rdacontent
=337  \\$aunmediated$2rdamedia
=338  \\$avolume$2rdacarrier
=500  \\$aFormerly CIP.$5Uk
=504  \\$aIncludes bibliographical references (p. [281]-305) and index.
=505  0\$aMaking sense of institutions -- Institutions of representation : the UK Parliament -- Institutions of representation : parties and groups -- The executive and core executive -- Territorial institutions -- Judicial and regulatory institutions -- Conclusion.
=651  \0$aGreat Britain$xPolitics and government$vTextbooks.
=852  \\$aBritish Library$bHMNTS
=852  41$aBritish Library$bHMNTS$jYC.2009.a.10421
=856  41$3Table of contents$uhttp://www.loc.gov/catdir/toc/ecip0512/2005011110.html
=CAT  \\$aBATCH$b00$c20041019$lBLL01$h1703
=CAT  \\$c20041019$lBLL01$h1704
=CAT  \\$c20041019$lBLL01$h1708
=CAT  \\$a12328$b40$c20050923$lBLL01$h1026
=CAT  \\$a9657$b40$c20050926$lBLL01$h1640
=CAT  \\$a9657$b40$c20050927$lBLL01$h1133
=CAT  \\$aWR16_021$c20160610$lBLL01$h1959
=CAT  \\$aW2308-1659$c20230923$lBLL01$h0910
=FIN  \\$aY$d20050927
=FMT  \\$a  BK
=LAS  \\$aW2308-1659$b00$c20230923$lBLL01$h0910
=SRC  \\$aBLL02

