=LDR  02629cam a2200697 a 4500
=001  013018419
=003  Uk
=005  20080314111156.0
=008  080116s2007\\\\enk\\\\\\b\\\\001\0\eng\\
=010  \\$a  2008353893
=015  \\$aGBA475595$2bnb
=016  7\$a013018419$2Uk
=020  \\$a9781405126465 (hbk.) :$c£50.00
=020  \\$a1405126469 (hbk.) :$c£50.00
=020  \\$a9781405126458 (pbk.) :$c£19.99
=020  \\$a1405126450 (pbk.) :$c£19.99
=035  \\$a(OCoLC)ocn174041587
=040  \\$aStDuBDS$dUk
=042  \\$aukblcatcopy
=043  \\$ae-pl---
=050  00$aJZ1625$b.L66 2007
=082  04$a327.438$222
=100  1\$aLonghurst, Kerry Anne.
=245  14$aThe new Atlanticist :$bPoland's foreign and security policy priorities /$cKerry Longhurst and Marcin Zabarowski.
=260  \\$aOxford :$bBlackwell,$c2007.
=300  \\$aviii, 113 p. ;$c24 cm.
=336  \\$atext$2rdacontent
=337  \\$aunmediated$2rdamedia
=338  \\$avolume$2rdacarrier
=490  1\$aChatham House papers
=504  \\$aIncludes bibliographical references (p. 97-107) and index.
=651  \0$aPoland$xForeign relations$y1989-
=651  \0$aPoland$xMilitary policy.
=700  1\$aZaborowski, Marcin.
=710  2\$aRoyal Institute of International Affairs.
=710  2\$aInstytut Spraw Publicznych (Warsaw, Poland).$bCentrum Stosunków Międzynarodowych.
=830  \0$aChatham House papers.
=852  41$aBritish Library$bHMNTS$jYC.2008.a.3009
=852  41$aBritish Library$bHMNTS
=856  42$3Contributor biographical information$uhttp://www.loc.gov/catdir/enhancements/fy0808/2008353893-b.html
=856  42$3Publisher description$uhttp://www.loc.gov/catdir/enhancements/fy0808/2008353893-d.html
=856  41$3Table of contents only$uhttp://www.loc.gov/catdir/enhancements/fy0808/2008353893-t.html
=CAT  \\$aBATCH$b00$c20041019$lBLL01$h1703
=CAT  \\$c20041019$lBLL01$h1704
=CAT  \\$c20041019$lBLL01$h1708
=CAT  \\$c20041117$lBLL01$h0936
=CAT  \\$c20041117$lBLL01$h0938
=CAT  \\$a9657$b40$c20070131$lBLL01$h1258
=CAT  \\$a9657$b40$c20070131$lBLL01$h1259
=CAT  \\$a6923$b40$c20070605$lBLL01$h1045
=CAT  \\$a9678$b40$c20080304$lBLL01$h1127
=CAT  \\$a8964$b40$c20080314$lBLL01$h1111
=CAT  \\$aBATCH$b00$c20091217$lBLL01$h0330
=CAT  \\$aBATCH-UPD$b00$c20110915$lBLL01$h2151
=CAT  \\$aWR16_021$c20160610$lBLL01$h1959
=CAT  \\$aBATCH-UPD$b00$c20160610$lBLL01$h2245
=CAT  \\$aW2308-1659$c20230923$lBLL01$h0910
=FIN  \\$aY$d20070131
=FMT  \\$a  BK
=LAS  \\$aW2308-1659$b00$c20230923$lBLL01$h0910
=SRC  \\$aBLL02

