=LDR  02726 am a22005058a 4500
=001  013021827
=003  Uk
=005  20041206111415.0
=008  040714s2005\\\\nyu\\\\\\b\\\\001\0\eng\\
=010  \\$a2004016463  
=020  \\$a1588902854 (TMP : alk. paper)
=020  \\$a3131394218 (GTV : alk. paper)
=035  \\$a(DNLM)101224273
=040  \\$aDNLM/DLC$cDLC$dDLC
=042  \\$apcc
=050  00$aRF421$b.W67 2005
=060  00$aWV 340$bW928e 2005
=082  00$a617.523$222
=100  1\$aWormald, P. J.
=245  10$aEndoscopic sinus surgery :$banatomy, three-dimensional reconstruction, and surgical technique /$cPeter John Wormald.
=260  \\$aNew York :$bThieme Medical Publishers,$cc2005.
=263  \\$a0409
=300  \\$ap. ;$ccm.
=336  \\$atext$2rdacontent
=337  \\$aunmediated$2rdamedia
=338  \\$avolume$2rdacarrier
=504  \\$aIncludes bibliographical references and index.
=505  0\$aSetup and ergonomics of endoscopic sinus surgery -- The surgical field in endoscopic sinus surgery -- Radiology -- Powered inferior turbinectomy and endoscopic septoplasty -- Uncinectomy and middle meatal antrostomy including canine fossa puncture -- The anatomy of the frontal recess and frontal sinus with three-dimensional reconstruction -- Approach to the frontal sinus and frontal recess -- Surgery of the bulla ethmoidalis, posterior ethmoids, and sphenoidotomy, including three-dimensional reconstruction of the posterior ethmoids --
=505  0\$aExtended approaches to the frontal sinus: the modified endoscopic Lothrop procedure -- Sphenopalatine artery ligation and vidian neurectomy -- Powered endoscopic dacryocystorhinostomy -- Cerebrospinal fluid leak closure -- Endoscopic pituitary tumor surgery -- Endoscopic medial maxillectomy for maxillary and pterygopalatine fossa tumors -- Endoscopic orbital decompression for exophthalmos, acute orbital hemorrhage, and orbital subperiosteal abscess -- Endoscopic optic nerve decompression.
=650  \0$aParanasal sinuses$xEndoscopic surgery.
=650  12$aParanasal Sinuses$xsurgery.
=650  22$aEndoscopy$xmethods.
=650  22$aParanasal Sinuses$xanatomy & histology.
=650  22$aVideo-Assisted Surgery.
=852  11$aBritish Library$bSTI$k(B)$h617.823$3Accompanying CD-ROM at (TB) 617.523
=852  11$aBritish Library$bSTI$k(TB)$h617.523
=852  41$aBritish Library$bDSC$jVm05/.50728
=852  41$aBritish Library$bDSC
=856  41$3Table of contents$uhttp://www.loc.gov/catdir/toc/ecip0420/2004016463.html
=985  \\$aProvisional Record
=CAT  \\$a4861$b40$c20041025$lBLL01$h1452
=CAT  \\$a10883$b40$c20041206$lBLL01$h1114
=FIN  \\$aY
=FMT  \\$a  BK
=LAS  \\$a10883$b40$c20041206$lBLL01$h1114

