=LDR  02358cam a2200661 a 4500
=001  013064121
=003  Uk
=005  20230331164227.0
=008  040818s2005\\\\enka\\\\\b\\\\001\0\eng\\
=010  \\$a  2004019575
=015  \\$aGBA489476$2bnb
=016  7\$a013064121$2Uk
=020  \\$a0415280680 (hbk.) :$c£50.00
=035  \\$a(OCoLC)ocm56370121
=040  \\$aStDuBDS$dUk
=042  \\$aukblsr
=043  \\$ae-uk---
=050  00$aHQ1137.G7$bW38 2005
=082  00$a305.4209410901$222
=100  10$aWatts, Dorothy.
=245  10$aBoudicca's heirs :$bwomen in early Britain /$cDorothy Watts.
=260  \\$aLondon ;$aNew York :$bRoutledge,$c2005.
=300  \\$axiii, 175 p. :$bill. ;$c24 cm.
=336  \\$atext$2rdacontent
=337  \\$aunmediated$2rdamedia
=338  \\$avolume$2rdacarrier
=500  \\$aFormerly CIP.$5Uk
=504  \\$aIncludes bibliographical references (p. 155-163) and indexes.
=540  \\$aCurrent Copyright Fee: GBP34.00$c0$5Uk
=650  \0$aWomen$zGreat Britain$xSocial conditions.
=650  \0$aWomen$zGreat Britain$xHistory$yTo 500.
=651  \0$aGreat Britain$xHistory$yTo 449.
=651  \0$aGreat Britain$xAntiquities.
=690  7\$aSocial Welfare$2blcoll
=852  41$aBritish Library$bHMNTS$jYC.2006.a.20745
=852  \\$aBritish Library$bDSC
=856  41$3Table of contents$uhttp://www.loc.gov/catdir/toc/ecip0422/2004019575.html
=CAT  \\$aBATCH$b00$c20041214$lBLL01$h1703
=CAT  \\$c20041214$lBLL01$h1704
=CAT  \\$c20041214$lBLL01$h1708
=CAT  \\$c20050204$lBLL01$h0853
=CAT  \\$c20050204$lBLL01$h0858
=CAT  \\$a6632$b40$c20050527$lBLL01$h1702
=CAT  \\$a7732$b40$c20061123$lBLL01$h1633
=CAT  \\$aBATCH$b00$c20110625$lBLL01$h0511
=CAT  \\$aBATCH-SWP4$c20110627$lBLL01$h1553
=CAT  \\$aBATCH-UPD$b00$c20151218$lBLL01$h0431
=CAT  \\$aBATCH-CLAB$c20220330$lBLL01$h1654
=CAT  \\$aIPL-CLA$c20220331$lBLL01$h2229
=CAT  \\$aBATCH-CLAB$c20230324$lBLL01$h1348
=CAT  \\$aIPL-CLA$c20230331$lBLL01$h1642
=CAT  \\$aW2308-1659$c20230923$lBLL01$h0913
=CFI  0\$aCurrent Copyright Fee: GBP34.00$c0$e01-apr-2023$fGBP34.00$g0$hC$5Uk
=CFI  2\$aPrevious Copyright Fee: GBP28.00$c0$e01-apr-2022$fGBP28.00$g0$hC$5Uk
=FIN  \\$aY$d20050527
=FMT  \\$a  BK
=LAS  \\$aW2308-1659$b00$c20230923$lBLL01$h0913
=SRC  \\$aBLL02

