=LDR  02945cam a2200697 a 4500
=001  013069380
=003  Uk
=005  20230331164232.0
=008  040826s2005\\\\enk\\\\\\b\\\\001\0\eng\\
=010  \\$a2004020208  
=015  \\$aGBA491083$2bnb
=016  7\$a013069380$2Uk
=020  \\$a0754635953 :$c£49.95
=040  \\$aStDuBDS$dUk
=042  \\$aukblsr
=043  \\$ae------
=050  00$aJN40$b.D443 2004
=082  00$a323.6094$222
=100  1\$aDell'Olio, Fiorella,$d1966-
=245  14$aThe Europeanization of citizenship :$bbetween the ideology of nationality, immigration, and European identity /$cFiorella Dell'Olio.
=260  \\$aAldershot :$bAshgate,$cc2005.
=300  \\$axii, 170 p. ;$c24 cm.
=336  \\$atext$2rdacontent
=337  \\$aunmediated$2rdamedia
=338  \\$avolume$2rdacarrier
=500  \\$aFormerly CIP.$5Uk
=504  \\$aIncludes bibliographical references and index.
=505  0\$aIntroduction -- Theories, concepts and definitions -- Community models -- Redefining nationality and immigration policies : the United Kingdom and Italy -- Forms and functions of the European citizenship -- The Europeanization of citizenship : controversial issues -- Public attitudes, values-mobilisation, and identification -- Supra-national undertakings and the determination of social rights in the EU -- Conclusion.
=540  \\$aCurrent Copyright Fee: GBP34.00$c0$5Uk
=610  20$aEuropean Union.
=650  \0$aCitizenship$zEuropean Union countries.
=650  \0$aCitizenship$zEurope.
=650  \0$aPolitical rights$zEuropean Union countries.
=650  \0$aPolitical rights$zEurope.
=650  \0$aNationalism$zEuropean Union countries.
=650  \0$aNationalism$zEurope.
=650  \0$aNational characteristics, European.
=651  \0$aEuropean Union countries$xEmigration and immigration.
=852  41$aBritish Library$bHMNTS$jYC.2009.a.9662
=852  \\$aBritish Library$bDSC
=856  41$3Table of contents$uhttp://www.loc.gov/catdir/toc/ecip0422/2004020208.html
=CAT  \\$aBATCH$b00$c20041221$lBLL01$h1705
=CAT  \\$c20041221$lBLL01$h1711
=CAT  \\$c20050121$lBLL01$h1447
=CAT  \\$c20050121$lBLL01$h1450
=CAT  \\$a9657$b40$c20050517$lBLL01$h1447
=CAT  \\$a9671$b40$c20050518$lBLL01$h0821
=CAT  \\$a9671$b40$c20050518$lBLL01$h0920
=CAT  \\$a11671$b40$c20090731$lBLL01$h1232
=CAT  \\$aWR16_021$c20160610$lBLL01$h2008
=CAT  \\$aBATCH-CLAB$c20220330$lBLL01$h1647
=CAT  \\$aIPL-CLA$c20220331$lBLL01$h2229
=CAT  \\$aBATCH-CLAB$c20230324$lBLL01$h1344
=CAT  \\$aIPL-CLA$c20230331$lBLL01$h1642
=CAT  \\$aW2308-1659$c20230923$lBLL01$h0913
=CFI  0\$aCurrent Copyright Fee: GBP34.00$c0$e01-apr-2023$fGBP34.00$g0$hC$5Uk
=CFI  2\$aPrevious Copyright Fee: GBP28.00$c0$e01-apr-2022$fGBP28.00$g0$hC$5Uk
=FIN  \\$aY$d20050518
=FMT  \\$a  BK
=LAS  \\$aW2308-1659$b00$c20230923$lBLL01$h0913
=SRC  \\$aBLL02

