=LDR  01574 am a2200433 a 4500
=001  013072089
=003  Uk
=005  20090311114339.0
=008  061201s2005\\\\ne\ab\\\\b\\\\001\0beng\d
=010  \\$a2008384558
=020  \\$a9789067182379 (pbk.)
=020  \\$a9067182370 (pbk.)
=035  \\$a(OCoLC)ocm62363193
=040  \\$aOHX$cOHX$dCGU$dNLGGC$dBAKER$dOCLCQ$dAGL$dYDXCP$dBTCTA$dDLC$dUk
=042  \\$aukblsr
=050  00$aTC928.2.H45$bB78 2005
=084  \\$a83.66$2bcl
=100  1\$aBrummelhuis, Han ten.
=245  10$aKing of the waters :$bHoman van der Heide and the origin of modern irrigation in Siam /$cHan ten Brummelhuis.
=260  \\$aLeiden, Netherlands :$bKITLV Press,$cc2005.
=300  \\$axvi, 409 p. :$bill., maps ;$c24 cm.
=336  \\$atext$2rdacontent
=337  \\$aunmediated$2rdamedia
=338  \\$avolume$2rdacarrier
=490  0\$aVerhandelingen van het Koninklijk Instituut voor Taal-, Land- en Volkenkunde ;$v226
=504  \\$aIncludes bibliographical references (p. [373]-386) and index.
=600  10$aHoman van der Heide, J.
=650  \0$aIrrigation engineers.
=650  \0$aIrrigation$zThailand.
=852  41$aBritish Library$bHMNTS$jAc.7519/32.[226]
=852  41$aBritish Library$bOC
=856  41$3Table of contents$uhttp://www.loc.gov/catdir/toc/fy0804/2008384558.html
=CAT  \\$aAGENCY11$b40$c20041229$lBLL01$h1253
=CAT  \\$a10905$b40$c20090129$lBLL01$h1141
=CAT  \\$a12181$b40$c20090311$lBLL01$h1143
=FIN  \\$aY$d20090129
=FMT  \\$a  BK
=LAS  \\$a12181$b40$c20090311$lBLL01$h1143
=SID  \\$aZ39$bLOC

