=LDR  01532cam a2200457   4500
=001  013085690
=003  Uk
=005  20070228092645.0
=008  040728s2005\\\\nyua\\\\\b\\\\001\0\eng\\
=010  \\$a2004017751
=015  \\$aGBA504495$2bnb
=016  7\$a013085690$2Uk
=020  \\$a0865651582 (hbk.) :$c£40.00
=040  \\$aStDuBDS$dUk
=041  1\$aeng$hfre
=042  \\$aukblsr
=050  00$aTS198.B3$bC4713 2005
=082  00$a391.44$222
=130  0\$aCas de sacs.$lEnglish
=245  10$aCarried away :$ball about bags /$cpreface by Héléne David-Weill and Jean-Louis Dumas ; general editor, Farid Chenoune.
=260  \\$aNew York, NY :$bVendome Press,$c2005.
=300  \\$a338 p. :$bill. (some col.) ;$c29 cm.
=336  \\$atext$2rdacontent
=337  \\$aunmediated$2rdamedia
=338  \\$avolume$2rdacarrier
=504  \\$aIncludes bibliographical references (. 338-[339]) and index.
=650  \0$aBags.
=852  41$aBritish Library$bHMNTS
=852  41$aBritish Library$bDSC$jm06/.30209
=856  41$3Table of contents$uhttp://www.loc.gov/catdir/toc/ecip0421/2004017751.html
=CAT  \\$aBATCH$b00$c20050118$lBLL01$h1705
=CAT  \\$c20050118$lBLL01$h1706
=CAT  \\$c20050118$lBLL01$h1711
=CAT  \\$a6605$b40$c20060815$lBLL01$h0919
=CAT  \\$a10883$b40$c20070228$lBLL01$h0926
=CAT  \\$aWR16_021$c20160610$lBLL01$h2011
=CAT  \\$aW2308-1659$c20230923$lBLL01$h0915
=FIN  \\$aY$d20060815
=FMT  \\$a  BK
=LAS  \\$aW2308-1659$b00$c20230923$lBLL01$h0915
=SID  \\$aZ39$bLOC

