=LDR  03231 am a2200601 a 4500
=001  013094658
=003  Uk
=005  20060223093339.0
=008  020814s2003\\\\txu\\\\\\b\\\s001\0deng\\
=010  \\$a  2002012919
=015  \\$aGBA626202$2bnb
=016  7\$a013094658$2Uk
=020  \\$a1585443921 (pbk.) :$cNo price
=020  \\$a1585442259 (hbk.) :$cNo price
=040  \\$aDLC$cDLC$dDLC$dUk
=042  \\$aukblsr
=043  \\$an-us---
=050  00$aE176.1$b.P896 2003
=082  00$a808.51088351$222
=245  00$aPresidential speechwriting :$bfrom the New Deal to the Reagan revolution and beyond /$cedited by Kurt Ritter and Martin J. Medhurst.
=250  \\$a1st ed.
=260  \\$aCollege Station ;$a[Great Britain] :$bTexas A&M University Press,$c2003.
=300  \\$ax, 231 p. ;$c25 cm.
=336  \\$atext$2rdacontent
=337  \\$aunmediated$2rdamedia
=338  \\$avolume$2rdacarrier
=490  1\$aPresidential rhetoric series ;$vno. 7
=504  \\$aIncludes bibliographical references and index.
=505  0\$aPresidential speechwriting : ten myths that plague modern scholarship / Martin J. Medhurst -- Franklin Delano Roosevelt : rhetorical politics and political rhetorics / Halford Ryan -- Harry S. Truman : from whistle-stops to the halls of congress / Diana B. Carlin -- Dwight D. Eisenhower : the 1954 state of the union address as a case study in presidential speechwriting / Charles J.G. Griffin -- John F. Kennedy : presidential speechwriting as rhetorical collaboration / Theodore O. Windt, Jr. -- Lyndon B. Johnson : from private deliberations to public declaration : the making of LBJ's renunciation speech / Moya Ann Ball -- Richard M. Nixon and Gerald R. Ford : lessons on speechwriting / Craig R. Smith -- Jimmy Carter : the language of politics and the practice of integrity / John H. Patton -- Ronald Reagan's bully pulpit : creating a rhetoric of values / William K. Muir, Jr. -- Enduring issues in presidential speechwriting / Martin J. Medhurst.
=650  \0$aPresidents$zUnited States$xHistory$y20th century.
=650  \0$aPresidents$zUnited States$vBiography.
=650  \0$aRhetoric$xPolitical aspects$zUnited States$xHistory$y20th century.
=650  \0$aPolitical oratory$zUnited States$xHistory$y20th century.
=650  \0$aSpeechwriting$zUnited States$xHistory$y20th century.
=650  \0$aSpeechwriters$zUnited States$vBiography.
=650  \0$aEnglish language$zUnited States$xRhetoric.
=651  \0$aUnited States$xPolitics and government$y1945-1989.
=700  1\$aRitter, Kurt W.
=700  1\$aMedhurst, Martin J.
=830  \0$aPresidential rhetoric series ;$vno. 7.
=852  41$aBritish Library$bHMNTS
=852  41$aBritish Library$bHMNTS$jYC.2006.a.5099
=856  41$3Table of contents$uhttp://www.loc.gov/catdir/toc/fy036/2002012919.html
=CAT  \\$a12328$b40$c20050127$lBLL01$h0843
=CAT  \\$a12328$b40$c20050127$lBLL01$h1539
=CAT  \\$a6160$b40$c20060223$lBLL01$h0933
=CAT  \\$aBATCH$b00$c20091217$lBLL01$h0340
=CAT  \\$aBATCH-UPD$b00$c20130321$lBLL01$h2203
=CAT  \\$aWR16_021$c20160611$lBLL01$h1940
=FIN  \\$aY$d20060223
=FMT  \\$a  BK
=LAS  \\$aWR16_021$b00$c20160611$lBLL01$h1940
=SRC  \\$aBLL02$bpart.2.ai

