=LDR  02285cam a2200613   4500
=001  013099647
=003  Uk
=005  20060112172246.0
=008  040810s2005\\\\nyu\\\\\\b\\\\001\0\eng\\
=010  \\$a  2004018897
=015  \\$aGBA509059$2bnb
=016  7\$a013099647$2Uk
=020  \\$a0415950481 (cased) :$c£45.00
=020  \\$a041595049X (pbk.) :$cNo price
=040  \\$aStDuBDS
=042  \\$aukblsr
=043  \\$an-us---
=050  00$aLC213.52$b.W57 2005
=082  00$a379.26$222
=100  1\$aWise, Tim,$d1968-
=245  10$aAffirmative action :$bracial preference in black and white /$cTim J. Wise.
=260  \\$aLondon :$bRoutledge,$c2005.
=300  \\$avii, 196 p. ;$c21 cm.
=336  \\$atext$2rdacontent
=337  \\$aunmediated$2rdamedia
=338  \\$avolume$2rdacarrier
=490  1\$aPositions : education, politics, and culture
=500  \\$aFormerly CIP.$5Uk
=504  \\$aIncludes bibliographical references and index.
=505  0\$aAffirmative action, past and present -- White racial preference in education -- Responding to critics of affirmative action -- Defending affirmative action.
=650  \0$aAffirmative action programs in education$zUnited States.
=650  \0$aDiscrimination in higher education$zUnited States.
=650  \0$aUniversities and colleges$zUnited States$xAdmission.
=690  7\$aSocial Welfare$2blcoll
=830  \0$aPositions (RoutledgeFalmer (Firm))
=852  41$aBritish Library$bDSC$jm05/.18723
=852  41$aBritish Library$bHMNTS
=856  41$3Table of contents$uhttp://www.loc.gov/catdir/toc/ecip0422/2004018897.html
=BUF  \\$aN$d20060112
=CAT  \\$aBATCH$b00$c20050201$lBLL01$h1706
=CAT  \\$c20050204$lBLL01$h0858
=CAT  \\$a6160$b40$c20050405$lBLL01$h1357
=CAT  \\$a6160$b40$c20050405$lBLL01$h1406
=CAT  \\$a6923$b40$c20050919$lBLL01$h1419
=CAT  \\$aBATCH-BUOC$b00$c20060112$lBLL01$h1722
=CAT  \\$c20060124$lBLL01$h1657
=CAT  \\$aBATCH$b00$c20110625$lBLL01$h0512
=CAT  \\$aBATCH-SWP4$c20110627$lBLL01$h1554
=CAT  \\$aWR16_021$c20160611$lBLL01$h1941
=CAT  \\$aBATCH-UPD$b00$c20211014$lBLL01$h2037
=CAT  \\$aW2308-1659$c20230923$lBLL01$h0915
=FIN  \\$aY$d20050405
=FMT  \\$a  BK
=LAS  \\$aW2308-1659$b00$c20230923$lBLL01$h0915

