=LDR  02770cam a2200697 a 4500
=001  013122925
=003  Uk
=005  20230930110408.0
=008  040617s2004\\\\caua\\\\\b\\\\000\0\eng\\
=010  \\$a2004014394  
=016  7\$a013122925$2Uk
=020  \\$a0833035908 (pbk.) :$cNo price
=035  \\$a(OCoLC)ocm55745064
=040  \\$aUk$beng$cUk
=042  \\$aukblsr
=043  \\$an-us---
=050  00$aTL567.W5$bW56 2004
=082  00$a629.13452$222
=245  00$aWind tunnel and propulsion test facilities :$ban assessment of NASA's capabilities to serve national needs /$cPhilip S. Anton ... [et al.]
=260  \\$aSanta Monica, Calif. :$bRAND,$c2004.
=300  \\$axxxiv, 108 p. :$bill. ;$c23 cm.
=336  \\$atext$2rdacontent
=337  \\$aunmediated$2rdamedia
=338  \\$avolume$2rdacarrier
=500  \\$a"MG-178-NASA/OSD."
=504  \\$aIncludes bibliographical references.
=540  \\$aCurrent Copyright Fee: GBP7.80$c0$5Uk
=610  10$aUnited States.$bNational Aeronautics and Space Administration$xEvaluation.
=650  \0$aWind tunnels.
=650  \0$aAeronautics$xResearch$zUnited States.
=650  \0$aAirplanes$zUnited States$xTesting.
=650  \0$aAirplanes$zUnited States$xJet propulsion.
=700  1\$aAntón, Philip S.
=710  1\$aUnited States.$bNational Aeronautics and Space Administration.
=852  41$aBritish Library$bHMNTS$jYD.2012.a.2271
=852  41$aBritish Library$bDSC
=856  41$3Table of contents$uhttp://www.loc.gov/catdir/toc/ecip0419/2004014394.html
=ACF  \\$aPrevious Copyright Fee: GBP8.20$c0$e01-oct-2022$fGBP8.20$g0$hC$5Uk
=ACF  \\$aPrevious Copyright Fee: GBP8.80$c0$e01-jan-2023$fGBP8.80$g0$hC$5Uk
=ACF  \\$aPrevious Copyright Fee: GBP8.20$c0$e01-apr-2023$fGBP8.20$g0$hC$5Uk
=CAT  \\$a6632$b40$c20050301$lBLL01$h0845
=CAT  \\$a6632$b40$c20050301$lBLL01$h0855
=CAT  \\$a6632$b40$c20050301$lBLL01$h0938
=CAT  \\$a6191$b40$c20050609$lBLL01$h1450
=CAT  \\$aWR16_021$c20160611$lBLL01$h1945
=CAT  \\$aBATCH-CLAB$c20220908$lBLL01$h1337
=CAT  \\$aIPL-CLA$c20220930$lBLL01$h1556
=CAT  \\$aBATCH-CLAB$c20221217$lBLL01$h1748
=CAT  \\$aIPL-CLA$c20221231$lBLL01$h2106
=CAT  \\$aBATCH-CLAB$c20230324$lBLL01$h1357
=CAT  \\$aIPL-CLA$c20230331$lBLL01$h1643
=CAT  \\$aBATCH-CLAB$c20230601$lBLL01$h1239
=CAT  \\$aIPL-CLA$c20230630$lBLL01$h1723
=CAT  \\$aBATCH-CLAB$c20230907$lBLL01$h1722
=CAT  \\$aIPL-CLA$c20230930$lBLL01$h1104
=CFI  0\$aCurrent Copyright Fee: GBP7.80$c0$e01-oct-2023$fGBP7.80$g0$hC$5Uk
=CFI  2\$aPrevious Copyright Fee: GBP8.00$c0$e01-jul-2023$fGBP8.00$g0$hC$5Uk
=FIN  \\$aY$d20050609.
=FMT  \\$a  BK
=LAS  \\$aIPL-CLA$b00$c20230930$lBLL01$h1104
=SRC  \\$aBLL02

