=LDR  02781cam a2200613 a 4500
=001  013136627
=003  Uk
=005  20060821110409.0
=008  040812s2005\\\\ncuabc\\\b\\\s001\0\eng\\
=010  \\$a  2004019083
=015  \\$aGBA523973$2bnb
=016  7\$a013136627$2Uk
=020  \\$a0807829390 (hbk.) :$c£39.95
=020  \\$a0807856010 (pbk.) :$c£14.95
=040  \\$aStDuBDS$dUk
=042  \\$aukblsr
=043  \\$an-us-ia
=050  00$aHQ1439.D8$bW66 2005
=082  00$a305.42097776909034$222
=100  1\$aWood, Sharon E.
=245  14$aThe freedom of the streets :$bwork, citizenship, and sexuality in a gilded age city /$cSharon E. Wood.
=260  \\$aChapel Hill, N.C. ;$aLondon :$bUniversity of North Carolina Press,$cc2005.
=300  \\$axiii, 321 p. :$bill. ;$c25 cm.
=336  \\$atext$2rdacontent
=337  \\$aunmediated$2rdamedia
=338  \\$avolume$2rdacarrier
=490  1\$aGender and American culture
=500  \\$aFormerly CIP.$5Uk
=504  \\$aIncludes bibliographical references and index.
=505  0\$aIntroduction : the Belva Lockwood club -- Women in the city : law, reputation, and geography -- Women's citizenship and the problem of employment -- A place in the city : the working woman's lend a hand club -- Lives without choices : prostitution as employment -- The police matron campaign and the reform of urban environments -- Sporting men and little girls -- Making the city safe for white men : regulated prostitution -- Protecting men by reforming girls : good shepherd homes -- Women, men, and the businesses of Bucktown -- Conclusion : the popular young lady in business life.
=650  \0$aWomen$zIowa$zDavenport$xSocial conditions$y19th century.
=650  \0$aWomen$xEmployment$zIowa$zDavenport$xHistory$y19th century.
=650  \0$aProstitution$zIowa$zDavenport$xHistory$y19th century.
=650  \0$aSex role$zIowa$zDavenport$xHistory$y19th century.
=690  7\$aSocial Welfare$2blcoll
=830  \0$aGender & American culture.
=852  \\$aBritish Library$bDSC
=852  41$aBritish Library$bHMNTS$jYC.2006.a.15776
=856  41$3Table of contents$uhttp://www.loc.gov/catdir/toc/ecip0421/2004019083.html
=CAT  \\$aBATCH$b00$c20050315$lBLL01$h1706
=CAT  \\$c20050315$lBLL01$h1708
=CAT  \\$c20050315$lBLL01$h1717
=CAT  \\$c20050404$lBLL01$h1540
=CAT  \\$c20050404$lBLL01$h1541
=CAT  \\$a6160$b40$c20050426$lBLL01$h1536
=CAT  \\$a6632$b40$c20060821$lBLL01$h1104
=CAT  \\$aBATCH$b00$c20110625$lBLL01$h0513
=CAT  \\$aBATCH-SWP4$c20110627$lBLL01$h1555
=CAT  \\$aWR16_021$c20160611$lBLL01$h1949
=CAT  \\$aW2308-1659$c20230923$lBLL01$h0918
=FIN  \\$aY$d20050426
=FMT  \\$a  BK
=LAS  \\$aW2308-1659$b00$c20230923$lBLL01$h0918
=SRC  \\$aBLL02

