=LDR  02085 am a2200577 a 4500
=001  013147891
=003  Uk
=005  20060821142419.0
=008  050207s2005\\\\ncu\\\\\\b\\\\001\0\eng\\
=010  \\$a  2005003510
=015  \\$aGBA525970$2bnb
=016  7\$a013147891$2Uk
=020  \\$a0786421282 (pbk.) :$cNo price
=040  \\$aStDuBDS$dUk
=042  \\$aukblsr
=043  \\$an-us---
=050  00$aPS1442.W6$bW44 2005
=082  00$a813.2$222
=100  1\$aWegener, Signe O.,$d1945-
=245  10$aJames Fenimore Cooper versus the cult of domesticity :$bprogressive themes of femininity and family in the novels /$cSigne O. Wegener.
=260  \\$aJefferson, N.C. ;$aLondon :$bMcFarland,$cc2005.
=300  \\$av, 191 p. ;$c23 cm.
=336  \\$atext$2rdacontent
=337  \\$aunmediated$2rdamedia
=338  \\$avolume$2rdacarrier
=500  \\$aFormerly CIP.$5Uk
=504  \\$aIncludes bibliographical references (p. 183-188) and index.
=600  10$aCooper, James Fenimore,$d1789-1851$xCharacters$xWomen.
=600  10$aCooper, James Fenimore,$d1789-1851$xPolitical and social views.
=650  \0$aWomen and literature$zUnited States$xHistory$y19th century.
=650  \0$aDomestic fiction, American$xHistory and criticism.
=650  \0$aFemininity in literature.
=650  \0$aFamily in literature.
=650  \0$aWomen in literature.
=852  \\$aBritish Library$bDSC
=852  41$aBritish Library$bHMNTS$jYC.2006.a.15762
=856  41$3Table of contents$uhttp://www.loc.gov/catdir/toc/ecip057/2005003510.html
=CAT  \\$aBATCH$b00$c20050322$lBLL01$h1707
=CAT  \\$c20050322$lBLL01$h1709
=CAT  \\$c20050322$lBLL01$h1725
=CAT  \\$c20050413$lBLL01$h1739
=CAT  \\$c20050413$lBLL01$h1741
=CAT  \\$a7732$b40$c20050523$lBLL01$h1429
=CAT  \\$a12324$b40$c20050606$lBLL01$h1022
=CAT  \\$a8202$b40$c20060818$lBLL01$h1556
=CAT  \\$a10896$b40$c20060821$lBLL01$h1424
=CAT  \\$aWR16_021$c20160611$lBLL01$h1950
=FIN  \\$aY$d20050523
=FMT  \\$a  BK
=LAS  \\$aWR16_021$b00$c20160611$lBLL01$h1950
=SRC  \\$aBLL02

