=LDR  02761 am a2200661 a 4500
=001  013186171
=003  Uk
=005  20050613085228.0
=008  041130s2005\\\\riua\\\\\b\\\\000\0\eng\\
=010  \\$a2004062338
=015  \\$aGBA536943$2bnb
=016  7\$a013186171$2Uk
=020  \\$a0821835335 (pbk.) :$c£52.00
=035  \\$a(OCoLC)ocm57193303
=040  \\$aStDuBDS$beng$cUk$dUk
=042  \\$aukblsr
=050  00$aQA329.42$b.N66 2005
=082  00$a515.353$222
=245  00$aNonlinear partial differential equations and related analysis :$bthe Emphasis Year 2002-2003 program on nonlinear partial differential equations and related analysis, September 2002-July 2003, Northwestern University, Evanston, Illinois /$cGui-Qiang Chen, George Gasper, Joseph Jerome, editors.
=260  \\$aProvidence, R.I. :$bAmerican Mathematical Society ;$a[Oxford :$bOxford University Press distributor],$c2005.
=300  \\$aviii, 323 p. :$bill. ;$c26 cm.
=336  \\$atext$2rdacontent
=337  \\$aunmediated$2rdamedia
=338  \\$avolume$2rdacarrier
=490  1\$aContemporary mathematics,$x0271-4132 ;$v371
=504  \\$aIncludes bibliographical references.
=540  \\$aBritish Library not licensed to copy$c0$5Uk
=591  \\$aPapers.
=650  \0$aNonlinear partial differential operators.
=650  \0$aPartial differential operators.
=653  2\$aPartial differential equations
=700  1\$aChen, Gui-Qiang,$d1963-
=700  1\$aGasper, George.
=700  1\$aJerome, Joseph W.
=710  2\$aAmerican Mathematical Society.
=830  \0$aContemporary mathematics (American Mathematical Society) ;$vv. 371.
=852  11$aBritish Library$bSTI
=852  41$aBritish Library$bDSC$j3425.191400$i371
=856  41$3Table of contents$uhttp://www.loc.gov/catdir/toc/ecip057/2005002765.html
=945  \\$aContemporary mathematics ; no 371 (2005)
=CAT  \\$aBATCH$b00$c20050426$lBLL01$h1708
=CAT  \\$a9657$b40$c20050517$lBLL01$h0935
=CAT  \\$a9657$b40$c20050517$lBLL01$h0937
=CAT  \\$a9657$b40$c20050518$lBLL01$h1215
=CAT  \\$a9657$b40$c20050518$lBLL01$h1217
=CAT  \\$a8962$b40$c20050613$lBLL01$h0851
=CAT  \\$a8962$b40$c20050613$lBLL01$h0852
=CAT  \\$aBATCH-CLA$c20150210$lBLL01$h2018
=CAT  \\$aBATCH-CLA$b00$c20150314$lBLL01$h0049
=CAT  \\$aWR16_021$c20160611$lBLL01$h1956
=CFI  0\$aBritish Library not licensed to copy$c0$e01-jan-2013$hC$iCFP Excluded$5Uk
=CNF  \\$aEmphasis Year 2002-2003 Program on Nonlinear Partial Differential Equations and Related Analysis (Conference :$d2002 Sep :$cEvanston, Ill.)
=FIN  \\$aY$d20050517
=FMT  \\$a  BK
=LAS  \\$aWR16_021$b00$c20160611$lBLL01$h1956
=SID  \\$aZ39$bLOC
=SRC  \\$aBLL02
=TCO  \\$aTRS$bCCC$c008

