=LDR  02002 am a2200481 a 4500
=001  013192876
=003  Uk
=005  20110330135031.0
=008  050414s2005\\\\dcuab\\\\\\\\\000\0\eng\\
=010  \\$a  2005010265
=015  \\$aGBB141792$2bnb
=016  7\$a013192876$2Uk
=020  \\$a1597260401 (pbk.)
=035  \\$a(OCoLC)ocm59279709
=040  \\$aDLC$cDLC$dUk
=042  \\$aukblcatcopy
=050  00$aGF50$b.E26 2005
=050  00$aGF50$b.E269 2005
=082  00$a304.2$222
=245  00$aEcosystems and human well-being :$bsynthesis /$cMillennium Ecosystem Assessment.
=260  \\$aWashington, DC :$bIsland Press,$c2005.
=300  \\$ax, 137 p. :$bcol. ill., col. maps ;$c28 cm.
=336  \\$atext$2rdacontent
=337  \\$aunmediated$2rdamedia
=338  \\$avolume$2rdacarrier
=505  0\$aHow is desertification related to ecosystem services and human well-being? -- Who is affected by desertification? -- What are the major causes of desertification? -- How will different future development paths affect desertification? -- How can we prevent or reverse desertification? -- What are the linkages among desertification, global climate change and biodiversity loss? -- How can we better understand the significance of desertification?
=650  \0$aHuman ecology.
=650  \0$aEcosystem management.
=710  2\$aMillennium Ecosystem Assessment (Program)
=852  41$aBritish Library$bHMNTS$jYK.2011.b.6356
=852  41$aBritish Library$bDSC
=856  41$3Table of contents$uhttp://www.loc.gov/catdir/toc/ecip0511/2005010265.html
=CAT  \\$a4861$b40$c20050509$lBLL01$h0857
=CAT  \\$a12328$b40$c20051102$lBLL01$h1530
=CAT  \\$a7732$b40$c20060210$lBLL01$h1329
=CAT  \\$a7732$b40$c20060210$lBLL01$h1332
=CAT  \\$aBATCH$b00$c20090110$lBLL01$h1729
=CAT  \\$a12666$b40$c20110330$lBLL01$h1350
=CAT  \\$aWR16_021$c20160611$lBLL01$h1957
=FIN  \\$aY$d20110330
=FMT  \\$a  BK
=LAS  \\$aWR16_021$b00$c20160611$lBLL01$h1957
=SRC  \\$aBLL02

