=LDR  01817 am a2200517 a 4500
=001  013206013
=003  Uk
=005  20060112172345.0
=008  041028s2005\\\\iluab\\\\\\\\s001\0\eng\\
=010  \\$a  2004025862
=015  \\$aGBA544340$2bnb
=016  7\$a013206013$2Uk
=020  \\$a0809326280 (cased) :$c£42.95
=040  \\$aStDuBDS$beng$cStDuBDS$dUk
=042  \\$aukblsr
=043  \\$an-usc--
=050  00$aQK495.C997$bM629 2005
=082  00$a584.84$222
=100  1\$aMohlenbrock, Robert H.,$d1931-
=245  10$aCyperaceae :$bSedges /$cRobert H. Mohlenbrock.
=246  30$aSedges
=260  \\$aCarbondale, Ill. :$bSouthern Illinois University Press ;$aLondon :$bEurospan [distributor],$c2005.
=300  \\$axiii, 272 p. :$bill., map ;$c24 cm.
=336  \\$atext$2rdacontent
=337  \\$aunmediated$2rdamedia
=338  \\$avolume$2rdacarrier
=490  1\$aAquatic and standing water plants of the central Midwest
=500  \\$aFormerly CIP.$5Uk
=500  \\$aIncludes indexes.
=650  \0$aCyperaceae$zMiddle West$vIdentification.
=800  1\$aMohlenbrock, Robert H.,$d1931-$tAquatic and standing water plants of the central Midwest.
=852  \\$aBritish Library$bDSC
=852  41$aBritish Library$bHMNTS$jYK.2005.a.17451
=856  41$3Table of contents$uhttp://www.loc.gov/catdir/toc/ecip053/2004025862.html
=BUF  \\$aN$d20051101
=CAT  \\$aBATCH$b00$c20050524$lBLL01$h1707
=CAT  \\$c20050629$lBLL01$h1651
=CAT  \\$a9678$b40$c20050808$lBLL01$h1645
=CAT  \\$c20050913$lBLL01$h1708
=CAT  \\$a11168$b40$c20051101$lBLL01$h1600
=CAT  \\$aBATCH-BUOC$b00$c20060112$lBLL01$h1723
=CAT  \\$c20060124$lBLL01$h1700
=CAT  \\$aWR16_021$c20160611$lBLL01$h2000
=FIN  \\$aY$d20050808
=FMT  \\$a  BK
=LAS  \\$aWR16_021$b00$c20160611$lBLL01$h2000

