=LDR  02969cam a22007337a 4500
=001  013222825
=003  Uk
=005  20221231211004.0
=008  041228s2005\\\\gw\\\\\\\\\\\\100\0\eng\\
=010  \\$a2004030892  
=020  \\$a3110183374 (alk. paper)
=040  \\$aDLC$beng$cDLC$dDLC$dUk
=050  00$aPD74.7$b.L56 2005
=082  00$a430$222
=245  00$aLinguistic purism in the Germanic languages /$cedited by Nils Langer and Winifred V. Davies.
=260  \\$aBerlin :$bW. de Gruyter,$cc2005.
=300  \\$a1 v.
=336  \\$atext$2rdacontent
=337  \\$aunmediated$2rdamedia
=338  \\$avolume$2rdacarrier
=490  1\$aStudia linguistica Germanica ;$v75
=540  \\$aCurrent Copyright Fee: GBP25.00$c0$5Uk
=591  \\$aPapers. Described as proceedings.
=650  \0$aGermanic languages$xStandardization$xHistory.
=650  \0$aGermanic languages$xHistory.
=650  \0$aGermanic languages$xSocial aspects.
=650  \0$aGermanic languages$xDialects.
=653  1\$aLinguistic purism
=700  1\$aLanger, Nils,$d1969-
=700  1\$aDavies, W. V.$q(Winifred V.).
=830  \0$aStudia linguistica Germanica ;$v75.
=852  41$aBritish Library$bDSC$j8482.971000$ino. 75
=852  41$aBritish Library$bHMNTS
=856  41$3Table of contents$uhttp://www.loc.gov/catdir/toc/ecip055/2004030892.html
=945  \\$aStudia linguistica Germanica ; [no] 75 2005
=ACF  \\$aPrevious Copyright Fee: GBP12.30$c0$e01-jan-2014$fGBP12.30$g0$hA$5Uk
=ACF  \\$aPrevious Copyright Fee: GBP15.00$c0$e01-jan-2017$fGBP15.00$g0$hA$5Uk
=ACF  \\$aPrevious Copyright Fee: GBP20.00$c0$e01-jan-2020$fGBP20.00$g0$hA$5Uk
=CAT  \\$a4861$b40$c20050616$lBLL01$h1307
=CAT  \\$a6933$b40$c20050707$lBLL01$h1509
=CAT  \\$aBATCH$b00$c20091217$lBLL01$h0354
=CAT  \\$aBATCH-UPD$b00$c20101009$lBLL01$h0022
=CAT  \\$aBATCH-CLA$c20150210$lBLL01$h2003
=CAT  \\$aBATCH-CLA$b00$c20161222$lBLL01$h1806
=CAT  \\$aBATCH-UPD$b00$c20161224$lBLL01$h0828
=CAT  \\$aBATCH-CLA$b00$c20161225$lBLL01$h0135
=CAT  \\$aIPL-CLA$c20161230$lBLL01$h2141
=CAT  \\$aBATCH-CLA$b00$c20171222$lBLL01$h2128
=CAT  \\$aIPL-CLA$c20171231$lBLL01$h1643
=CAT  \\$aBATCH-CLA$b00$c20191219$lBLL01$h1733
=CAT  \\$aIPL-CLA$c20191231$lBLL01$h1933
=CAT  \\$aR2001-1524$c20200127$lBLL01$h2011
=CAT  \\$aBATCH-CLA$b00$c20200128$lBLL01$h0435
=CAT  \\$aBATCH-CLA$b00$c20201204$lBLL01$h1535
=CAT  \\$aIPL-CLA$c20201231$lBLL01$h2201
=CAT  \\$aBATCH-CLA$b00$c20221221$lBLL01$h1844
=CAT  \\$aIPL-CLA$c20221231$lBLL01$h2110
=CFI  0\$aCurrent Copyright Fee: GBP25.00$c0$e01-jan-2023$fGBP25.00$g0$hA$5Uk
=CFI  2\$aPrevious Copyright Fee: GBP22.50$c0$e01-jan-2021$fGBP22.50$g0$hA$5Uk
=CNF  \\$aLinguistic purism in the Germanic languages (Conference)$d(2003 Apr :$cBristol)
=FIN  \\$aY$d20050707
=FMT  \\$a  BK
=LAS  \\$aIPL-CLA$b00$c20221231$lBLL01$h2110
=SRC  \\$aBLL02

