=LDR  03262cam a22008175a 4500
=001  013245464
=003  Uk
=005  20221026011918.0
=008  030507s2004\\\\caua\\\\\b\\\s001\0\eng\\
=010  \\$a2003009015  
=015  \\$aGBA556584$2bnb
=015  \\$aGBA4Z1142$2bnb
=016  7\$a013245464$2Uk
=019  y\$abA4Z1142
=019  9\$a0520240162
=020  \\$a0520240162 (cloth : alk. paper)
=020  \\$a0520246756 (pbk.) :$c£10.95
=040  \\$aStDuBDS$beng$cStDuBDS$dUk
=042  \\$aukblsr
=043  \\$ancgt---$an-mx---
=050  00$aF1465.2.Q5$bM36 2004
=082  00$a972.81052$221
=100  10$aManz, Beatriz,$d1944-
=245  10$aParadise in ashes :$ba Guatemalan journey of courage, terror, and hope /$cBeatriz Manz ; with a foreword by Aryeh Neier.
=260  \\$aBerkeley, Calif. ;$aLondon :$bUniversity of California Press,$c2005.
=300  \\$axix, 311 p. :$bill. ;$c23 cm.
=336  \\$atext$2rdacontent
=337  \\$aunmediated$2rdamedia
=338  \\$avolume$2rdacarrier
=490  1\$aCalifornia series in public anthropology ;$v8
=500  \\$aFormerly CIP.$5Uk
=504  \\$aIncludes bibliographical references and index.
=540  \\$aBritish Library not licensed to copy$c0$5Uk
=610  20$aEjército Guerrillero de los Pobres (Guatemala)
=650  \0$aQuiché Indians$xCrimes against$zGuatemala$zSanta María Tzejá.
=650  \0$aQuiché Indians$xRelocation$zMexico.
=650  \0$aMassacres$zGuatemala$zSanta María Tzejá.
=650  \0$aPolitical violence$zGuatemala$zSanta María Tzejá.
=650  \0$aCivil-military relations$zGuatemala$zSanta María Tzejá.
=650  \0$aReturn migration$zGuatemala$zSanta María Tzejá.
=651  \0$aSanta María Tzejá (Guatemala)$xSocial conditions.
=651  \0$aSanta María Tzejá (Guatemala)$xPolitics and government.
=830  \0$aCalifornia series in public anthropology ;$v8.
=852  41$aBritish Library$bHMNTS$jYC.2005.a.8645
=852  41$aBritish Library$bHMNTS
=852  41$aBritish Library$bDSC$j3015.286000$ino.8
=856  42$3Contributor biographical information$uhttp://www.loc.gov/catdir/bios/ucal052/2003009015.html
=856  42$3Publisher description$uhttp://www.loc.gov/catdir/description/ucal042/2003009015.html
=856  41$3Table of contents$uhttp://www.loc.gov/catdir/toc/ecip042/2003009015.html
=BUF  \\$aR$d20060728
=CAT  \\$aBATCH$b00$c20050705$lBLL01$h1701
=CAT  \\$c20050705$lBLL01$h1703
=CAT  \\$c20050705$lBLL01$h1718
=CAT  \\$a12327$b40$c20050908$lBLL01$h0946
=CAT  \\$a11249$b40$c20060728$lBLL01$h1447
=CAT  \\$aBATCH$b00$c20091217$lBLL01$h0355
=CAT  \\$aBATCH-UPD$b00$c20140329$lBLL01$h1809
=CAT  \\$aBATCH-UPD$b00$c20160523$lBLL01$h2025
=CAT  \\$aWR16_021$c20160611$lBLL01$h2007
=CAT  \\$a8250$b40$c20221025$lBLL01$h1552
=CAT  \\$aBATCH-CLA$b00$c20221026$lBLL01$h0119
=CFI  0\$aBritish Library not licensed to copy$c0$e07-sep-2011$hC$iTX$5Uk
=FIN  \\$aY
=FIN  \\$aY$d20060728
=FMT  \\$a  BK
=LAS  \\$aBATCH-CLA$b00$c20221026$lBLL01$h0119
=LDO  \\$aCIP$c17/3/04
=LEO  \\$aMP5.0000164584
=SRC  \\$aLDS01$bbiblm.200404.2.aa
=SRC  \\$aBNB03$bbibmp5.200404.2.aa
=SRC  \\$aBLL02

