=LDR  02234cam a2200601 a 4500
=001  013245664
=003  Uk
=005  20220331223250.0
=008  050216s2005\\\\caua\\\\\b\\\\001\0\eng\\
=010  \\$a  2005004547
=015  \\$aGBA556784$2bnb
=016  7\$a013245664$2Uk
=020  \\$a9780787978754 (pbk.) :$c£27.95
=020  \\$a0787978752 (pbk.) :$c£27.95
=040  \\$aStDuBDS$dUk
=042  \\$aukblsr
=050  00$aHD69.P75$bM43 2005
=082  00$a658.4013$222
=100  1\$aMeans, Jan.
=245  10$aFacilitating the project lifecycle :$bskills & tools to accelerate progress for project managers, facilitators, and six sigma project teams /$cJan Means, Tammy Adams.
=250  \\$a1st ed.
=260  \\$aSan Francisco, Calif. :$bJossey-Bass ;$a[Chichester :$bJohn Wiley, distributor],$cc2005.
=300  \\$axxi, 392 p. :$bill. ;$c28 cm. +$e1 CD-ROM .
=336  \\$atext$2rdacontent
=337  \\$aunmediated$2rdamedia
=338  \\$avolume$2rdacarrier
=490  0\$aThe Jossey-Bass business & management series
=500  \\$aFormerly CIP.$5Uk
=504  \\$aIncludes bibliographical references and index.
=540  \\$aCurrent Copyright Fee: GBP32.00$c0$5Uk
=650  \0$aProject management.
=650  \0$aGroup facilitation.
=650  \0$aSix sigma (Quality control standard)
=690  7\$aManagement and Business Studies$2blcoll
=700  1\$aAdams, Tammy,$d1959-
=852  41$aBritish Library$bDSC$jVm05/.50681
=852  \\$aBritish Library$bHMNTS
=852  41$aBritish Library$bHMNTS$jEMC.2006.b.328
=856  41$3Table of contents$uhttp://www.loc.gov/catdir/toc/ecip058/2005004547.html
=CAT  \\$aBATCH$b00$c20050705$lBLL01$h1701
=CAT  \\$c20050705$lBLL01$h1703
=CAT  \\$c20050705$lBLL01$h1718
=CAT  \\$a6632$b40$c20051111$lBLL01$h1150
=CAT  \\$a12324$b40$c20051207$lBLL01$h1039
=CAT  \\$aBATCH$b00$c20090624$lBLL01$h1702
=CAT  \\$aWR16_021$c20160611$lBLL01$h2007
=CAT  \\$aBATCH-CLAB$c20220330$lBLL01$h1553
=CAT  \\$aIPL-CLA$c20220331$lBLL01$h2232
=CFI  0\$aCurrent Copyright Fee: GBP32.00$c0$e01-apr-2022$fGBP32.00$g0$hC$5Uk
=FIN  \\$aY$d20051111
=FMT  \\$a  BK
=LAS  \\$aIPL-CLA$b00$c20220331$lBLL01$h2232
=SRC  \\$aBLL02

