=LDR  01934 am a2200529 a 4500
=001  013259908
=003  Uk
=005  20160611201000.0
=008  050914s2005\\\\ne\a\\\\\\\\\\101\0\eng\\
=010  \\$a2005281906  
=015  \\$aGBA691340$2bnb
=016  7\$a013259908$2Uk
=020  \\$a008044671X :$cNo price
=020  \\$a0080446701 :$cNo price
=040  \\$aDLC$cDLC$dDLC$dUk
=042  \\$aukblsr
=050  00$aTJ807.2$bR53 2005
=082  00$a621.042$222
=245  00$aWorld renewable energy congress :$binnovation in Europe Regional Meeting, 22-27 May 2005. Aberdeen, Scotland, Uk/$cedited by M.S. Imbabi and C.P. Mitchell.
=246  14$aWorld Renewable Energy Congress book of abstracts
=246  14$aWREC 2005, innovation in Europe
=250  \\$a1st ed.
=260  \\$aAmsterdam ;$aOxford :$bElsevier,$c2005.
=300  \\$axlv, 193 p. :$bill. ;$c31 cm.
=336  \\$atext$2rdacontent
=337  \\$aunmediated$2rdamedia
=338  \\$avolume$2rdacarrier
=500  \\$a"In conjunction with All-Energy 2005 Conference and Exhibition"--Cover.
=500  \\$aIncludes index.
=650  \0$aRenewable energy sources$vCongresses.
=650  \0$aEnergy conservation$vCongresses.
=650  \0$aEnvironmental protection$vCongresses.
=700  1\$aImbabi, M. S.
=700  1\$aMitchell, C. P.
=711  2\$aWorld Renewable Energy Congress$d(2005 :$cAberdeen, Scotland)
=852  \\$aBritish Library$bDSC
=852  41$aBritish Library$bHMNTS$jYC.2006.b.2757
=856  42$3Publisher description$uhttp://www.loc.gov/catdir/enhancements/fy0627/2005281906-d.html
=CAT  \\$a11168$b40$c20050726$lBLL01$h1048
=CAT  \\$a11168$b40$c20050726$lBLL01$h1049
=CAT  \\$a9657$b40$c20061029$lBLL01$h1020
=CAT  \\$aBATCH-LDL$b00$c20070501$lBLL01$h0136
=CAT  \\$aWR16_021$c20160611$lBLL01$h2010
=FIN  \\$aY$d20061029
=FMT  \\$a  BK
=LAS  \\$aWR16_021$b00$c20160611$lBLL01$h2010
=SID  \\$aZ39$bLOC

