=LDR  01942pam a2200493 a 4500
=001  013271818
=003  Uk
=005  20070802135444.0
=008  041201s2005\\\\hu\\\\\\\b\\\\001\0\eng\\
=010  \\$a  2004028552
=020  \\$a9637326022 (cased)
=020  \\$a9637326030 (pbk.)
=040  \\$aDLC$cDLC$dDLC$dUk
=042  \\$aukblsr
=050  00$aBM526$b.I296 2005
=082  00$a296.71$222
=100  1\$aIdel, Moshe,$d1947-
=245  10$aAscensions on high in Jewish mysticism :$bpillars, lines, ladders /$cMoshe Idel.
=260  \\$aBudapest :$bCentral European University Press,$c2005.
=300  \\$ax, 249 p. ;$c23 cm.
=336  \\$atext$2rdacontent
=337  \\$aunmediated$2rdamedia
=338  \\$avolume$2rdacarrier
=490  1\$aPasts incorporated ;$vv. 2
=504  \\$aIncludes bibliographical references and indexes.
=505  0\$aOn diverse forms of living ascent on high in Jewish Sources -- On cosmic pillars in Jewish sources -- The eschatological pillar of the souls in zoharic literature -- Psychanodia and metamorphoses of pillars in eighteenth-century Hasidism -- The neoplatonic path for dead souls : medieval philosophy, Kabbalah and renaissance.
=650  \0$aCabala$xHistory.
=650  \0$aAscension of the soul.
=650  \0$aColumns$xReligious aspects$xJudaism.
=650  \0$aMysticism$xJudaism.
=650  \0$aHasidism.
=830  \0$aPasts incorporated ;$vv. 2.
=852  41$aBritish Library$bDSC$j6409.470000$iv. 2
=852  41$aBritish Library$bHMNTS
=856  41$3Table of contents$uhttp://www.loc.gov/catdir/toc/ecip054/2004028552.html
=CAT  \\$a9207$b40$c20050811$lBLL01$h1445
=CAT  \\$a11009$b40$c20070802$lBLL01$h0950
=CAT  \\$a11009$b40$c20070802$lBLL01$h1354
=CAT  \\$aBATCH$b00$c20091217$lBLL01$h0358
=CAT  \\$aBATCH-UPD$b00$c20101009$lBLL01$h0045
=FIN  \\$aY$d20070802
=FMT  \\$a  BK
=LAS  \\$aBATCH-UPD$b00$c20101009$lBLL01$h0045
=SRC  \\$aBLL02

