=LDR  03399 am a22007097a 4500
=001  013271822
=003  Uk
=005  20080328094950.0
=008  041129s2005\\\\hu\\\\\\\b\\\\100\0\eng\\
=010  \\$a  2004028434
=020  \\$a9637326065 (pbk.)
=020  \\$a8299702607 (pbk.)
=020  \\$a3901094172 (pbk.)
=040  \\$aDLC$beng$cDLC$dDLC$dUk
=043  \\$aen-----$aee-----
=050  00$aBX1862$b.L66 2005
=082  00$a282.40902$222
=245  04$aThe long arm of papal authority :$blate medieval Christian peripheries and their communication with the Holy See /$cedited by Gerhard Jaritz, Torstein Jørgensen, Kirsi Salonen.
=250  \\$a2nd rev. ed.
=260  \\$aBudapest ;$bCentral European University Press,$cc2005.$aNew York :
=300  \\$axiii, 192 p. :$bill. ;$c24 cm.
=336  \\$atext$2rdacontent
=337  \\$aunmediated$2rdamedia
=338  \\$avolume$2rdacarrier
=490  1\$aCEU medievalia ;$v8
=500  \\$a"Selected papers from two international conferences: the first was held at the Centre for Medieval Studies, University of Bergen (Norway), in October, 2003 and the second at the Department of Medieval Studies, Central European University, Budapest (Hungary), in January, 2004"--P. [xi].
=504  \\$aIncludes bibliographical references.
=540  \\$aBritish Library not licensed to copy$c0$5Uk
=591  \\$aSelected papers. Also contains selected papers from "Ad confines. The Papal Curia and the Eastern and Northern peripheries of Christendom in the Later Middle Ages (14th-15th c.)" - international conference, held in Jan. 2004, Budapest.
=610  20$aCatholic Church.$bPoenitentiaria Apostolica$xHistory$yTo 1500$vCongresses.
=610  20$aCatholic Church.$bCuria Romana$xHistory$yTo 1500$vCongresses.
=610  20$aCatholic Church$zEurope, Northern$xHistory$yTo 1500$vCongresses.
=610  20$aCatholic Church$zEurope, Eastern$xHistory$yTo 1500$vCongresses.
=650  \0$aCommunication$xReligious aspects$xCatholic Church$xHistory$yTo 1500$vCongresses.
=651  \0$aEurope, Northern$xChurch history$vCongresses.
=651  \0$aEurope, Eastern$xChurch history$vCongresses.
=653  1\$aPenitentiary texts
=653  1\$aPre-reformation era
=653  1\$aPapal Curia
=653  1\$aChristendom
=700  1\$aJaritz, Gerhard.
=700  1\$aJørgensen, Torsten Bo.
=700  1\$aSalonen, Kirsi.
=830  \0$aCEU medievalia ;$v8.
=852  41$aBritish Library$bDSC$j3123.940650$ino. 8
=852  41$aBritish Library$bHMNTS
=856  41$3Table of contents$uhttp://www.loc.gov/catdir/toc/ecip054/2004028434.html
=945  \\$aCEU medievalia ; no 8 2005
=CAT  \\$a9207$b40$c20050811$lBLL01$h1448
=CAT  \\$a10775$b40$c20080327$lBLL01$h1023
=CAT  \\$a10775$b40$c20080327$lBLL01$h1024
=CAT  \\$a7196$b40$c20080328$lBLL01$h0913
=CAT  \\$a7196$b40$c20080328$lBLL01$h0949
=CAT  \\$aBATCH$b00$c20091217$lBLL01$h0358
=CAT  \\$aBATCH-UPD$b00$c20130322$lBLL01$h0046
=CAT  \\$aBATCH-CLA$c20150210$lBLL01$h2024
=CFI  0\$aBritish Library not licensed to copy$c0$e07-sep-2011$hC$iTX$5Uk
=CNF  \\$aThe late Middle Ages and the penitentiary texts : centre and periphery in Europe in the pre-reformation era (International conference)$d(2003 Oct :$cBergen, Norway)
=FIN  \\$aY$d20080328
=FMT  \\$a  BK
=LAS  \\$aBATCH-CLA$b00$c20150210$lBLL01$h2024
=SRC  \\$aBLL02

