=LDR  02178 am a2200541 a 4500
=001  013276956
=003  Uk
=005  20051011134534.0
=008  050311s2005\\\\ncua\\\\\b\\\\001\0beng\\
=010  \\$a2005007324
=015  \\$aGBA585451$2bnb
=016  7\$a013276956$2Uk
=020  \\$a0786421126$c{dollar}39.95
=020  \\$a0786421126 (pbk. : alk. paper)
=040  \\$aDLC$cDLC$dCaONFJC$dUk
=042  \\$aukblsr
=043  \\$ae-po---
=050  00$aBF1027.O8$bB37 2005
=082  00$a133.8092$222
=100  1\$aBarrington, Mary Rose,$d1926-
=245  12$aA world in a grain of sand :$bthe clairvoyance of Stefan Ossowiecki /$cMary Rose Barrington, Ian Stevenson and Zofia Weaver.
=246  30$aClairvoyance of Stefan Ossowiecki
=260  \\$aJefferson, NC ;$aLondon :$bMcFarland & Co.,$c2005.
=300  \\$aix, 189 p. :$bill. ;$c26 cm.
=336  \\$atext$2rdacontent
=337  \\$aunmediated$2rdamedia
=338  \\$avolume$2rdacarrier
=504  \\$aIncludes bibliographical references (p. 181-184) and index.
=505  0\$aThe life and times of Stefan Ossowiecki (Zofia Weaver) -- The formal experiments -- Informal experiments and "fieldwork" -- Answers and questions (Mary Rose Barrington).
=520  \\$a"This book brings to English-speaking researchers and the public accounts of the experiments carried out with Ossowiecki, which produced evidence of paranormal cognition"--Provided by publisher.
=600  10$aOssowiecki, Stefan.
=650  \0$aPsychics$zPoland$vBiography.
=650  \0$aParapsychology$xResearch.
=700  1\$aStevenson, Ian,$d1918-2007.
=700  1\$aWeaver, Zofia,$d1947-
=852  41$aBritish Library$bHMNTS
=852  41$aBritish Library$bDSC$jm05/.34242
=856  41$3Table of contents$uhttp://www.loc.gov/catdir/toc/ecip059/2005007324.html
=CAT  \\$aBATCH-APP$b00$c20050819$lBLL01$h1528
=CAT  \\$c20050819$lBLL01$h1528
=CAT  \\$c20050819$lBLL01$h1529
=CAT  \\$a6605$b40$c20051011$lBLL01$h1345
=CAT  \\$aBATCH-UPD$b40$c20110614$lBLL01$h1422
=CAT  \\$aWR16_021$c20160611$lBLL01$h2015
=FIN  \\$aY$d20051011
=FMT  \\$a  BK
=LAS  \\$aWR16_021$b00$c20160611$lBLL01$h2015
=SID  \\$aZ39$bLOC

