=LDR  03120cam a2200721 a 4500
=001  013282791
=003  Uk
=005  20230331164441.0
=008  050512s2006\\\\enk\\\\\\b\\\\001\0\eng\\
=010  \\$a  2005013774
=015  \\$aGBA573113$2bnb
=016  7\$a013282791$2Uk
=020  \\$a0415372089 (hbk.) :$c£65.00
=035  \\$a(OCoLC)ocm60393461
=040  \\$aStDuBDS$dUk
=042  \\$aukblcatcopy
=043  \\$aa-cc---
=050  00$aHD2910$b.P48 2006
=082  00$a302.350951$222
=100  1\$aPeverelli, Peter J.,$d1956-
=245  10$aChinese corporate identity /$cPeter J. Peverelli.
=260  \\$aLondon ;$aNew York :$bRoutledge,$c2006.
=300  \\$ax, 242 p. ;$c24 cm.
=336  \\$atext$2rdacontent
=337  \\$aunmediated$2rdamedia
=338  \\$avolume$2rdacarrier
=490  0\$aRoutledge advances in Asia-Pacific business ;$v14
=500  \\$aFormerly CIP.$5Uk
=504  \\$aIncludes bibliographical references (p. [232]-236) and index.
=505  0\$aIntroduction : Chinese corporate identity -- Corporate identity in a theory of organizing -- The enterprise in the People's Republic of China -- Lukang : the construction of a state owned enterprise -- Henan vs Zhengzhou : conflict between administrative levels -- Mengniu the follower : a case of intertwined identity -- Yanjing : the emperor's messenger -- Food components Asia, China, Shanghai -- Chinese corporate identity : summary and integration.
=540  \\$aCurrent Copyright Fee: GBP34.00$c0$5Uk
=650  \0$aCorporations$zChina$xSociological aspects$vCase studies.
=650  \0$aInternational business enterprises$zChina$xSociological aspects$vCase studies.
=650  \0$aCorporate culture$zChina$vCase studies.
=650  \0$aGroup identity$zChina$vCase studies.
=650  \0$aSocial integration$zChina$vCase studies.
=650  \0$aOrganizational sociology$vCase studies.
=690  7\$aManagement and Business Studies$2blcoll
=690  7\$aSocial Welfare$2blcoll
=852  41$aBritish Library$bHMNTS$jYC.2008.a.4425
=852  \\$aBritish Library$bDSC
=856  41$3Table of contents$uhttp://www.loc.gov/catdir/toc/ecip0512/2005013774.html
=CAT  \\$aBATCH-CIP$b00$c20050830$lBLL01$h1701
=CAT  \\$c20050830$lBLL01$h1704
=CAT  \\$c20050830$lBLL01$h1723
=CAT  \\$c20051006$lBLL01$h1425
=CAT  \\$c20051006$lBLL01$h1440
=CAT  \\$a12271$b40$c20060302$lBLL01$h1323
=CAT  \\$a7732$b40$c20080423$lBLL01$h1336
=CAT  \\$a7732$b40$c20080423$lBLL01$h1337
=CAT  \\$aBATCH$b00$c20090624$lBLL01$h1704
=CAT  \\$aBATCH$b00$c20110625$lBLL01$h0515
=CAT  \\$aBATCH-SWP4$c20110627$lBLL01$h1558
=CAT  \\$aBATCH-CLAB$c20220330$lBLL01$h1638
=CAT  \\$aIPL-CLA$c20220331$lBLL01$h2233
=CAT  \\$aBATCH-CLAB$c20230324$lBLL01$h1338
=CAT  \\$aIPL-CLA$c20230331$lBLL01$h1644
=CFI  0\$aCurrent Copyright Fee: GBP34.00$c0$e01-apr-2023$fGBP34.00$g0$hC$5Uk
=CFI  2\$aPrevious Copyright Fee: GBP28.00$c0$e01-apr-2022$fGBP28.00$g0$hC$5Uk
=FIN  \\$aY$d20080423
=FMT  \\$a  BK
=LAS  \\$aIPL-CLA$b00$c20230331$lBLL01$h1644
=SRC  \\$aBLL02

