=LDR  02492 am a2200601 a 4500
=001  013283245
=003  Uk
=005  20060112172411.0
=008  050502s2005\\\\ksuab\\\\b\\\s001\0\eng\\
=010  \\$a  2005012631
=015  \\$aGBA573567$2bnb
=016  7\$a013283245$2Uk
=020  \\$a0700614028 (hbk.) :$c£31.50
=040  \\$aStDuBDS$beng$cStDuBDS$dUk
=042  \\$aukblsr
=043  \\$an-us-id
=050  00$aE99.S4$bH45 2005
=082  00$a978.004974574$222
=100  1\$aHeaton, John W.
=245  14$aThe Shoshone-Bannocks :$bculture & commerce at Fort Hall, 1870-1940 /$cJohn W. Heaton.
=260  \\$aLawrence, Kan. :$bUniversity Press of Kansas ;$aLondon :$bEurospan [distributor],$c2005.
=300  \\$ax, 340 :$bill., maps ;$c24 cm.
=336  \\$atext$2rdacontent
=337  \\$aunmediated$2rdamedia
=338  \\$avolume$2rdacarrier
=500  \\$aFormerly CIP.$5Uk
=504  \\$aIncludes bibliographical references (p. [243]-325) and index.
=505  0\$aThe people of the snake country -- Making a new home at Fort Hall, 1880-1910 -- The new political unity, 1880-1900 -- The land-use controversy and allotment, 1900-1915 -- The rise of the Fort Hall Indian Stockmen's Association -- Continuity and change in the early twentieth century.
=650  \0$aShoshoni Indians$xDomestic animals.
=650  \0$aShoshoni Indians$xEconomic conditions.
=650  \0$aShoshoni Indians$xLand tenure.
=650  \0$aBannock Indians$xDomestic animals.
=650  \0$aBannock Indians$xEconomic conditions.
=650  \0$aBannock Indians$xLand tenure.
=650  \0$aCattle breeders$zIdaho$zFort Hall Indian Reservation.
=650  \0$aFort Hall Indian Reservation (Idaho)$xEconomic conditions.
=651  \0$aFort Hall Indian Reservation (Idaho)$xHistory.
=651  \0$aFort Hall Indian Reservation (Idaho)$xSocial conditions.
=852  \\$aBritish Library$bDSC
=852  41$aBritish Library$bHMNTS$jYC.2007.a.1782
=856  41$3Table of contents$uhttp://www.loc.gov/catdir/toc/ecip0512/2005012631.html
=BUF  \\$aN$d20051109
=CAT  \\$aBATCH-CIP$b00$c20050830$lBLL01$h1702
=CAT  \\$c20050830$lBLL01$h1724
=CAT  \\$c20051010$lBLL01$h0953
=CAT  \\$c20051010$lBLL01$h0955
=CAT  \\$a5375$b40$c20051109$lBLL01$h1148
=CAT  \\$aBATCH-BUOC$b00$c20060112$lBLL01$h1724
=CAT  \\$c20060124$lBLL01$h1702
=CAT  \\$aWR16_021$c20160612$lBLL01$h1938
=FIN  \\$aY$d20051109
=FMT  \\$a  BK
=LAS  \\$aWR16_021$b00$c20160612$lBLL01$h1938

