=LDR  02261aam a2200577 a 4500
=001  013283712
=003  Uk
=005  20061025115617.0
=008  050223s2005\\\\vau\\\\\\b\\\s001\0deng\\
=010  \\$a  2005005033
=015  \\$aGBA574034$2bnb
=016  7\$a013283712$2Uk
=020  \\$a0813923832 (hbk.) :$c£14.50
=020  \\$a0813923840 (pbk.) :$c£14.50
=040  \\$aStDuBDS$beng$cStDuBDS$dUk
=042  \\$aukblsr
=043  \\$an-us---
=050  00$aE208$b.H58 2005
=082  00$a973.3$222
=100  1\$aHigginbotham, Don.
=245  10$aRevolution in America :$bconsiderations & comparisons /$cDon Higginbotham.
=260  \\$aCharlottesville, Va. :$bUniversity of Virginia Press ;$aLondon :$bEurospan [distributor],$c2005.
=300  \\$axi, 230 p. ;$c23 cm.
=336  \\$atext$2rdacontent
=337  \\$aunmediated$2rdamedia
=338  \\$avolume$2rdacarrier
=500  \\$aFormerly CIP.$5Uk
=504  \\$aIncludes bibliographical references and index.
=505  0\$aWashington's remarkable generation -- Virginia's trinity of immortals -- George Washington and three women -- War and state formation -- The federalized militia debate -- Military education before West Point -- The martial spirit in the antebellum South -- Fomenters of revolution.
=650  \0$aPolitical leadership$zUnited States$xHistory.
=650  \0$aRevolutions$xHistory.
=650  \0$aWar and society.
=650  \0$aState, The.
=651  \0$aUnited States$xHistory$yRevolution, 1775-1783.
=651  \0$aUnited States$xHistory$yRevolution, 1775-1783$vBiography.
=852  \\$aBritish Library$bDSC
=852  41$aBritish Library$bHMNTS$jYC.2006.a.19215
=856  41$3Table of contents$uhttp://www.loc.gov/catdir/toc/ecip058/2005005033.html
=BUF  \\$aN$d20060228
=CAT  \\$aBATCH-CIP$b00$c20050830$lBLL01$h1702
=CAT  \\$c20050830$lBLL01$h1705
=CAT  \\$c20050830$lBLL01$h1724
=CAT  \\$c20060127$lBLL01$h1551
=CAT  \\$c20060127$lBLL01$h1552
=CAT  \\$a6605$b40$c20060228$lBLL01$h1044
=CAT  \\$aBATCH-BUOC$b00$c20060316$lBLL01$h2146
=CAT  \\$a11029$b40$c20061025$lBLL01$h1156
=CAT  \\$aWR16_021$c20160612$lBLL01$h1938
=FIN  \\$aY$d20060228
=FMT  \\$a  BK
=LAS  \\$aWR16_021$b00$c20160612$lBLL01$h1938

