=LDR  01929 am a2200469 a 4500
=001  013284458
=003  Uk
=005  20070228103309.0
=008  050617s2005\\\\ncua\\\\\b\\\\001\0\eng\\
=010  \\$a  2005016996
=015  \\$aGBA717488$2bnb
=016  7\$a013284458$2Uk
=020  \\$a0786422920 (softcover : alk. paper) :$cNo price
=040  \\$aDLC$cDLC$dCaONFJC$dUk
=042  \\$aukblsr
=050  00$aGV1469.15$b.D54 2005
=082  00$a794.8$222
=245  00$aDigital gameplay :$bessays on the nexus of game and gamer /$cedited by Nate Garrelts.
=260  \\$aJefferson, N.C. ;$aLondon :$bMcFarland & Co.,$cc2005.
=300  \\$aviii, 259 p. :$bill. ;$c23 cm.
=336  \\$atext$2rdacontent
=337  \\$aunmediated$2rdamedia
=338  \\$avolume$2rdacarrier
=504  \\$aIncludes bibliographical references and index.
=520  \\$a"The first half of the book considers the physical and mental aspects of digital game play. The second section concentrates on factors that influence play, including the perception of the game player. Essays cover the full range of digital gaming, including computer, video and arcade games. The final essays discuss scholars' perceptions of digital media"--Provided by publisher.
=650  \0$aComputer games.
=650  \0$aVideo games.
=700  1\$aGarrelts, Nate,$d1976-
=852  41$aBritish Library$bHMNTS
=852  41$aBritish Library$bDSC$jm05/.33163
=856  41$3Table of contents$uhttp://www.loc.gov/catdir/toc/ecip0514/2005016996.html
=CAT  \\$aBATCH-APP$b00$c20050831$lBLL01$h1546
=CAT  \\$c20050831$lBLL01$h1546
=CAT  \\$c20050831$lBLL01$h1549
=CAT  \\$a6160$b40$c20050927$lBLL01$h1102
=CAT  \\$a6160$b40$c20050927$lBLL01$h1103
=CAT  \\$a8202$b40$c20070228$lBLL01$h1033
=CAT  \\$aWR16_021$c20160612$lBLL01$h1938
=FIN  \\$aY$d20050927
=FMT  \\$a  BK
=LAS  \\$aWR16_021$b00$c20160612$lBLL01$h1938
=SRC  \\$aBLL02

