=LDR  02671cam a2200601 a 4500
=001  013284750
=003  Uk
=005  20220331223339.0
=008  041220s2005\\\\nyuab\\\\b\\\\001\0\eng\\
=010  \\$a  2004030369
=015  \\$aGBA732259$2bnb
=016  7\$a013284750$2Uk
=020  \\$a9780195183016 (cased) :$cNo price
=020  \\$a0195183010 (cased) :$cNo price
=035  \\$a(WlAbNL)vtls003493188
=040  \\$aDLC$cDLC$dWlAbNL$dUk
=042  \\$aukscp
=050  00$aGF503$b.D4 2005
=082  00$a909.83$222
=100  1\$aDe Blij, Harm J.
=245  10$aWhy geography matters :$bthree challenges facing America : climate change, the rise of China, and global terrorism /$cHarm de Blij.
=260  \\$aNew York, N.Y. :$bOxford University Press,$c2005.
=300  \\$axii, 308 p. :$bill. , maps ;$c25 cm.
=336  \\$atext$2rdacontent
=337  \\$aunmediated$2rdamedia
=338  \\$avolume$2rdacarrier
=504  \\$aIncludes bibliographical references (p. 283-286) and index.
=505  0\$aWhy geography matters -- Reading maps and facing threats -- Earth's changeable environments -- Climate and civilization -- A future geography of human population -- The mesh of civilizations -- Red star rising: China's geopolitical gauntlet -- Terrorism's widening circle -- From terrorism to insurgency -- European superpower? -- Russia: trouble on the Eastern front -- Hope for Africa?
=540  \\$aCurrent Copyright Fee: GBP22.50$c0$5Uk
=650  \0$aHuman geography$zUnited States$xHistory$y21st century.
=650  \0$aTerrorism$xHistory$y21st century.
=650  \0$aClimatic changes$xHistory$y21st century.
=651  \0$aChina$xPolitics and government$y2002-
=651  \0$aUnited States$xPolitics and government$y2001-.
=651  \0$aUnited States$xSocial conditions$y21st century.
=852  41$aBritish Library$bHMNTS$jYC.2007.a.8709
=852  41$aBritish Library$bDSC
=856  41$3Table of contents$uhttp://www.loc.gov/catdir/toc/fy0603/2004030369.html
=CAT  \\$a4861$b40$c20050901$lBLL01$h1041
=CAT  \\$a12323$b40$c20060620$lBLL01$h0953
=CAT  \\$aBATCH-LDL$b00$c20070501$lBLL01$h0136
=CAT  \\$aBATCH$b00$c20070501$lBLL01$h0138
=CAT  \\$aBATCH-LDL$b00$c20070501$lBLL01$h0138
=CAT  \\$a9523$b40$c20070613$lBLL01$h1359
=CAT  \\$aBATCH-UPD$b40$c20121006$lBLL01$h1833
=CAT  \\$aWR16_021$c20160612$lBLL01$h1938
=CAT  \\$aBATCH-CLAB$c20220330$lBLL01$h1531
=CAT  \\$aIPL-CLA$c20220331$lBLL01$h2233
=CFI  0\$aCurrent Copyright Fee: GBP22.50$c0$e01-apr-2022$fGBP22.50$g0$hC$5Uk
=FIN  \\$aY$d20070613
=FMT  \\$a  BK
=LAS  \\$aIPL-CLA$b00$c20220331$lBLL01$h2233
=SRC  \\$aBLL02

