=LDR  02916cam a2200745 a 4500
=001  013289396
=003  Uk
=005  20221231211311.0
=008  040302s2004\\\\nyu\\\\\\b\\\\000\0\eng\\
=010  \\$a2004046483  
=016  7\$a013289396$2Uk
=020  \\$a077346414X
=040  \\$aDLC$cDLC$dDLC
=042  \\$apcc
=043  \\$aa-ch---
=050  00$aDS799.847$b.T386 2004
=082  00$a951.24/905$222
=245  00$aTaiwanese polity in the twenty-first century :$bpolitics and culture in a global context /$cedited by Leo Y. Liu.
=260  \\$aLewiston, N.Y. :$bE. Mellen Press,$cc2004.
=300  \\$axii, 251 p. ;$c24 cm.
=336  \\$atext$2rdacontent
=337  \\$aunmediated$2rdamedia
=338  \\$avolume$2rdacarrier
=490  1\$aChinese studies ;$vvol. 32
=504  \\$aIncludes bibliographical references (p. [243]-251).
=540  \\$aCurrent Copyright Fee: GBP25.00$c0$5Uk
=651  \0$aTaiwan$xPolitics and government$y2000-
=651  \0$aTaiwan$xEconomic policy$y1975-
=651  \0$aTaiwan$xSocial conditions$y2000-
=700  1\$aLiu, Leo.
=830  \0$aChinese studies ;$vvol. 32.
=852  41$aBritish Library$bDSC$j3181.108000$iv. 32
=852  \\$aBritish Library$bHMNTS$jYC.2006.a.675
=852  41$aBritish Library$bHMNTS
=856  41$3Table of contents$uhttp://www.loc.gov/catdir/toc/fy046/2004046483.html
=985  \\$aProvisional record - DSC
=ACF  \\$aPrevious Copyright Fee: GBP12.30$c0$e01-jan-2014$fGBP12.30$g0$hA$5Uk
=ACF  \\$aPrevious Copyright Fee: GBP15.00$c0$e01-jan-2017$fGBP15.00$g0$hA$5Uk
=ACF  \\$aPrevious Copyright Fee: GBP20.00$c0$e01-jan-2020$fGBP20.00$g0$hA$5Uk
=CAT  \\$a4861$b40$c20050908$lBLL01$h1117
=CAT  \\$a7164$b40$c20051020$lBLL01$h1118
=CAT  \\$a7164$b40$c20051020$lBLL01$h1119
=CAT  \\$aBATCH$b00$c20091217$lBLL01$h0400
=CAT  \\$aBATCH$b00$c20100103$lBLL01$h1154
=CAT  \\$aWR16_021$c20160612$lBLL01$h1939
=CAT  \\$aBATCH-UPD$b00$c20160612$lBLL01$h1958
=CAT  \\$aBATCH-CLA$b00$c20160613$lBLL01$h0134
=CAT  \\$aBATCH-CLA$b00$c20161222$lBLL01$h1807
=CAT  \\$aIPL-CLA$c20161230$lBLL01$h2145
=CAT  \\$aBATCH-CLA$b00$c20171222$lBLL01$h2129
=CAT  \\$aIPL-CLA$c20171231$lBLL01$h1646
=CAT  \\$aBATCH-CLA$b00$c20191219$lBLL01$h1734
=CAT  \\$aIPL-CLA$c20191231$lBLL01$h1935
=CAT  \\$aR2001-1524$c20200127$lBLL01$h2013
=CAT  \\$aBATCH-CLA$b00$c20200128$lBLL01$h0447
=CAT  \\$aBATCH-CLA$b00$c20201204$lBLL01$h1536
=CAT  \\$aIPL-CLA$c20201231$lBLL01$h2204
=CAT  \\$aBATCH-CLA$b00$c20221221$lBLL01$h1845
=CAT  \\$aIPL-CLA$c20221231$lBLL01$h2113
=CFI  0\$aCurrent Copyright Fee: GBP25.00$c0$e01-jan-2023$fGBP25.00$g0$hA$5Uk
=CFI  2\$aPrevious Copyright Fee: GBP22.50$c0$e01-jan-2021$fGBP22.50$g0$hA$5Uk
=FIN  \\$aY$d20051020
=FMT  \\$a  BK
=LAS  \\$aIPL-CLA$b00$c20221231$lBLL01$h2113
=SRC  \\$aBLL02

