=LDR  02237cam a22006014a 4500
=001  013290900
=003  Uk
=005  20230302175934.0
=008  051130s2005\\\\ne\a\\\\\b\\\\001\0\eng\\
=010  \\$a  2005283928
=016  7\$a013290900$2Uk
=020  \\$a9781402033988 (hbk.) :$cNo price
=020  \\$a1402033982 (hbk.) :$cNo price
=020  \\$a9781402033995 (e-book) :
=020  \\$a1402033990 (e-book) :
=040  \\$aDLC$cDLC$dDLC
=050  00$aB105.T54$bG36 2005
=100  1\$aGärdenfors, Peter.
=245  14$aThe dynamics of thought /$cby Peter Gärdenfors.
=260  \\$aDordrecht ;$aNew York :$bSpringer,$cc2005.
=300  \\$ax, 284 p. :$bill. ;$c25 cm.
=336  \\$atext$2rdacontent
=337  \\$aunmediated$2rdamedia
=338  \\$avolume$2rdacarrier
=490  1\$aSynthese library,$x0082-1128 ;$vv. 300
=504  \\$aIncludes bibliographical references (p. 261-275) and index.
=540  \\$aCurrent Copyright Fee: GBP29.95$c0$5Uk
=650  \0$aThought and thinking.
=830  \0$aSynthese library,$x0082-1128 ;$vv. 300
=852  41$aBritish Library$bDSC$j8586.757000$iv. 300
=852  41$aBritish Library$bDSC
=852  41$aBritish Library$bHMNTS$jYC.2006.a.20396
=856  42$3Publisher description$uhttp://www.loc.gov/catdir/enhancements/fy0663/2005283928-d.html
=985  \\$aProvisional record - DSC
=CAT  \\$a12324$b40$c20050912$lBLL01$h1403
=CAT  \\$a12324$b40$c20050912$lBLL01$h1405
=CAT  \\$a7164$b40$c20061121$lBLL01$h1646
=CAT  \\$aBATCH-UPD$b40$c20081206$lBLL01$h1904
=CAT  \\$aBATCH$b00$c20091217$lBLL01$h0400
=CAT  \\$aBATCH$b00$c20100103$lBLL01$h1154
=CAT  \\$aBATCH-CLA$b00$c20130527$lBLL01$h0156
=CAT  \\$aWR16_021$c20160612$lBLL01$h1939
=CAT  \\$aBATCH-CLAB$c20220330$lBLL01$h1738
=CAT  \\$aBATCH-CLA$b00$c20220331$lBLL01$h0134
=CAT  \\$aBATCH-CLA$b00$c20221206$lBLL01$h1728
=CAT  \\$aIPL-CLA$c20221231$lBLL01$h2113
=CAT  \\$aBATCH-CLA$b00$c20230302$lBLL01$h1759
=CFI  0\$aCurrent Copyright Fee: GBP29.95$c0$e09-feb-2023$fGBP29.95$g0$hC$5Uk
=FIN  \\$aY$d20061121
=FMT  \\$a  BK
=LAS  \\$aBATCH-CLA$b00$c20230302$lBLL01$h1759
=SRC  \\$aBLL02
=TCO  \\$aNLD$bSTICHTING REPRORECHT$c008

