=LDR  03047cam a2200673 a 4500
=001  013307482
=003  Uk
=005  20221231211420.0
=008  050617s2005\\\\ctu\\\\\\b\\\\001\0\eng\\
=010  \\$a  2005017485
=015  \\$aGBA717574$2bnb
=016  7\$a013307482$2Uk
=020  \\$a0275988813 (cased) :$cNo price
=040  \\$aDLC$cDLC$dCaONFJC$dUk
=042  \\$aukblsr
=043  \\$an-us---
=050  00$aHD7125$b.S26 2005
=082  00$a368.4300973$222
=100  1\$aSantow, Leonard Jay.
=245  10$aSocial security and the middle-class squeeze :$bfact and fiction about America's entitlement programs /$cLeonard J. Santow and Mark E. Santow ; foreword byHenry Kaufman.
=260  \\$aWestport, Conn. ;$aLondon :$bPraeger,$c2005.
=300  \\$axiii, 216 p. ;$c24 cm.
=336  \\$atext$2rdacontent
=337  \\$aunmediated$2rdamedia
=338  \\$avolume$2rdacarrier
=504  \\$aIncludes bibliographical references (p. [197]-205) and index.
=505  0\$aA practitioner and a historian combine ideas -- Government and the promise of American life -- The middle class and the American dream -- Explaining and analyzing are not enough -- New ways to look at social security, Medicare and Medicaid -- Misconceptions and myths about social security -- Government cannot legislate investment success -- Big budget deficits--not good for stocks and privatization -- Let's talk politics -- Forecasting by the trustees--flaws and recommendations -- Social security around the world -- Some parting thoughts.
=540  \\$aCurrent Copyright Fee: GBP30.00$c0$5Uk
=650  \0$aSocial security$zUnited States.
=650  \0$aMedicare.
=650  \0$aMedicaid.
=650  \0$aEntitlement spending$zUnited States.
=650  \0$aMiddle class$zUnited States$xEconomic conditions.
=690  7\$aManagement and Business Studies$2blcoll
=690  7\$aSocial Welfare$2blcoll
=700  1\$aSantow, Mark E.,$d1967-
=852  41$aBritish Library$bHMNTS
=852  41$aBritish Library$bDSC$jm05/.39041
=856  41$3Table of contents$uhttp://www.loc.gov/catdir/toc/ecip0514/2005017485.html
=CAT  \\$aBATCH-APP$b00$c20051005$lBLL01$h1417
=CAT  \\$c20051005$lBLL01$h1417
=CAT  \\$c20051005$lBLL01$h1420
=CAT  \\$a6160$b40$c20051128$lBLL01$h0936
=CAT  \\$a10876$b40$c20060124$lBLL01$h1556
=CAT  \\$a7732$b40$c20070301$lBLL01$h0902
=CAT  \\$aBATCH$b00$c20090624$lBLL01$h1706
=CAT  \\$aBATCH$b00$c20110625$lBLL01$h0516
=CAT  \\$aBATCH-SWP4$c20110627$lBLL01$h1558
=CAT  \\$aWR16_021$c20160612$lBLL01$h1942
=CAT  \\$aBATCH-CLAB$c20220330$lBLL01$h1741
=CAT  \\$aIPL-CLA$c20220331$lBLL01$h2234
=CAT  \\$aBATCH-CLAB$c20221217$lBLL01$h1743
=CAT  \\$aIPL-CLA$c20221231$lBLL01$h2114
=CFI  0\$aCurrent Copyright Fee: GBP30.00$c0$e01-jan-2023$fGBP30.00$g0$hC$5Uk
=CFI  2\$aBritish Library not licensed to copy$c0$e01-apr-2022$hC$iCFP Excluded$5Uk
=FIN  \\$aY$d20051128
=FMT  \\$a  BK
=LAS  \\$aIPL-CLA$b00$c20221231$lBLL01$h2114
=SRC  \\$aBLL02

