=LDR  01999aam a2200541 a 4500
=001  013310660
=003  Uk
=005  20060518214325.0
=008  050727s2006\\\\mdu\\\\\\b\\\\001\0\eng\\
=010  \\$a  2005021913
=015  \\$aGBA585925$2bnb
=016  7\$a013310660$2Uk
=020  \\$a073911266X (hbk.) :$cNo price
=020  \\$a0739112678 (pbk.) :$cNo price
=040  \\$aStDuBDS$beng$cStDuBDS$dUk
=042  \\$aukblsr
=043  \\$an-us---
=050  00$aPS374.A35$bD38 2006
=082  00$a823.087209928705$222
=100  1\$aDavin, Eric Leif.
=245  10$aPartners in wonder :$bwomen and the birth of science fiction, 1926-1965 /$cEric Leif Davin.
=260  \\$aLanham, Md. :$bLexington ;$aOxford :$bOxford Publicity Partnership [distributor],$c2006.
=300  \\$axiv, 429 p. ;$c24 cm.
=336  \\$atext$2rdacontent
=337  \\$aunmediated$2rdamedia
=338  \\$avolume$2rdacarrier
=500  \\$aFormerly CIP.$5Uk
=504  \\$aIncludes bibliographical references (p. 317-367 ; p. 417) and index.
=650  \0$aScience fiction, American$xHistory and criticism.
=650  \0$aWomen and literature$zUnited States$xHistory$y20th century.
=650  \0$aAmerican fiction$xWomen authors$xHistory and criticism.
=650  \0$aAmerican fiction$y20th century$xHistory and criticism.
=852  \\$aBritish Library$bDSC
=852  41$aBritish Library$bHMNTS$jYC.2006.a.11195
=856  41$3Table of contents$uhttp://www.loc.gov/catdir/toc/ecip0517/2005021913.html
=BUF  \\$aN$d20060301
=CAT  \\$aBATCH-CIP$b00$c20051011$lBLL01$h1701
=CAT  \\$c20051011$lBLL01$h1703
=CAT  \\$c20051011$lBLL01$h1717
=CAT  \\$c20060213$lBLL01$h1422
=CAT  \\$c20060213$lBLL01$h1427
=CAT  \\$a9657$b40$c20060301$lBLL01$h1318
=CAT  \\$a10812$b40$c20060515$lBLL01$h1200
=CAT  \\$aBATCH-BUOC$b00$c20060518$lBLL01$h2143
=CAT  \\$aWR16_021$c20160612$lBLL01$h1943
=FIN  \\$aY$d20060301
=FMT  \\$a  BK
=LAS  \\$aWR16_021$b00$c20160612$lBLL01$h1943

