=LDR  01687aam a2200517 a 4500
=001  013337934
=003  Uk
=005  20070419213747.0
=008  050803s2006\\\\ilua\\\\\b\\\\000\0\eng\\
=010  \\$a  2005022589
=015  \\$aGBA597163$2bnb
=016  7\$a013337934$2Uk
=020  \\$a0736055339 (pbk.) :$c£11.99
=040  \\$aStDuBDS$beng$cStDuBDS$dUk
=042  \\$aukblsr
=050  00$aGV546$b.B344 2006
=082  00$a613.713$222
=100  1\$aBaechle, Thomas R.,$d1943-
=245  10$aWeight training :$bsteps to success /$cThomas R. Baechle, Roger W. Earle.
=250  \\$a3rd ed.
=260  \\$aLeeds :$bHuman Kinetics,$c2006.
=300  \\$axxxv, 179 p. :$bill. ;$c29 cm.
=336  \\$atext$2rdacontent
=337  \\$aunmediated$2rdamedia
=338  \\$avolume$2rdacarrier
=500  \\$aFormerly CIP.$5Uk
=504  \\$aIncludes bibliographical references (p. 177).
=650  \0$aWeight training.
=650  \0$aPhysical fitness.
=700  1\$aEarle, Roger W.,$d1967-
=852  41$aBritish Library$bHMNTS$jYK.2007.b.1470
=852  \\$aBritish Library$bDSC
=856  41$3Table of contents$uhttp://www.loc.gov/catdir/toc/ecip0517/2005022589.html
=BUF  \\$aN$d20070416
=CAT  \\$aBATCH-CIP$b00$c20051115$lBLL01$h1701
=CAT  \\$c20051115$lBLL01$h1704
=CAT  \\$c20051115$lBLL01$h1718
=CAT  \\$c20060111$lBLL01$h1715
=CAT  \\$c20060111$lBLL01$h1719
=CAT  \\$aBATCH-UPD$b00$c20060825$lBLL01$h2055
=CAT  \\$a12324$b40$c20070416$lBLL01$h1625
=CAT  \\$aBATCH-BUOC$b00$c20070419$lBLL01$h2137
=CAT  \\$aWR16_021$c20160612$lBLL01$h1946
=FIN  \\$aY$d20070416
=FMT  \\$a  BK
=LAS  \\$aWR16_021$b00$c20160612$lBLL01$h1946

