=LDR  01691 am a2200433 a 4500
=001  013345774
=003  Uk
=005  20060628115150.0
=008  050613s2005\\\\it\ac\\\\b\\\o001\0dita\d
=010  \\$a  2005376180
=020  \\$a8824011144 (pbk.)
=035  \\$a(ItFiC)it 05905810
=040  \\$aItFiC$cItFiC$dDLC$dUk
=043  \\$ae-it---
=050  00$aML935$b.F55 2005
=245  03$aIl flauto in Italia /$ca cura di Claudio Paradiso.
=260  \\$aRoma :$bLibreria dello Stato, Istituto poligrafico e Zecca dello Stato,$cc2005.
=300  \\$a607 p. :$bill. (some col.), ports. ;$c28 cm.
=336  \\$atext$2rdacontent
=337  \\$aunmediated$2rdamedia
=338  \\$avolume$2rdacarrier
=500  \\$aAt head of title: Ministero per i beni e le attività culturali; Accademia nazionale di Santa Cecilia; IBIMUS ; Società italiana di musicologia; FALAUT; Tesori musicali toscani.
=504  \\$aIncludes bibliographical references (p. 485-553) and index.
=650  \0$aFlute$zItaly$xHistory.
=650  \0$aFlute players$zItaly.
=650  \0$aFlute music$zItaly$xHistory and criticism.
=700  1\$aParadiso, Claudio.
=710  1\$aItaly.$bMinistero per i beni e le attività culturali.
=852  41$aBritish Library$bHMNTS
=852  41$aBritish Library$bHMNTS$jYF.2006.b.1911
=856  41$3Table of contents$uhttp://www.loc.gov/catdir/toc/casalini01/05905810.pdf
=CAT  \\$a137$b40$c20051125$lBLL01$h1122
=CAT  \\$a5521$b40$c20060628$lBLL01$h1151
=CAT  \\$aBATCH-UPD$b40$c20070813$lBLL01$h1008
=CAT  \\$aBATCH-UPD$b40$c20090807$lBLL01$h2034
=FIN  \\$aY$d20060628
=FMT  \\$a  BK
=LAS  \\$aBATCH-UPD$b40$c20090807$lBLL01$h2034
=SRC  \\$aBLL02

