=LDR  02808cam a2200745 a 4500
=001  013359756
=003  Uk
=005  20230331164542.0
=008  051101s2006\\\\enk\\\\\\b\\\\001\0\eng\\
=010  \\$a2005031145
=015  \\$aGBA605828$2bnb
=016  7\$a013359756$2Uk
=020  \\$a9780415702072 (hbk.) :$c£65.00
=020  \\$a0415702070 (hbk.) :$c£65.00
=020  \\$a9780203967768 (ebk.) :$cNo price
=020  \\$a0203967763 (ebk.) :$cNo price
=040  \\$aStDuBDS$beng$cStDuBDS$dUk
=042  \\$aukblsr
=050  00$aK1420.5$b.S86 2006
=082  04$a346.0482$222
=100  1\$aSundara Rajan, Mira T.$q(Mira Teresa)
=245  10$aCopyright and creative freedom :$ba study of post-socialist law reform /$cMira T. Sundara Rajan.
=260  \\$aLondon :$bRoutledge,$c2006.
=300  \\$axv, 350 p. ;$c24 cm.
=336  \\$atext$2rdacontent
=337  \\$aunmediated$2rdamedia
=338  \\$avolume$2rdacarrier
=490  1\$aRoutledge studies in international law ;$v6
=500  \\$aFormerly CIP.$5Uk
=504  \\$aIncludes bibliographical references (p. [324]-342) and index.
=540  \\$aCurrent Copyright Fee: GBP34.00$c0$5Uk
=650  \0$aCopyright.
=650  \0$aIntellectual freedom.
=650  \0$aHuman rights.
=830  \0$aRoutledge studies in international law ;$v6.
=852  \\$aBritish Library$bDSC
=852  41$aBritish Library$bHMNTS$jYC.2006.a.19186
=856  41$3Table of contents only$uhttp://www.loc.gov/catdir/toc/ecip062/2005031145.html
=856  42$3Publisher description$uhttp://www.loc.gov/catdir/enhancements/fy0648/2005031145-d.html
=985  \\$aDQ manual upgrade 20070913
=BUF  \\$aR$d20061031
=CAT  \\$aBATCH-CIP$b00$c20051213$lBLL01$h1700
=CAT  \\$c20051213$lBLL01$h1702
=CAT  \\$c20051213$lBLL01$h1716
=CAT  \\$c20060118$lBLL01$h1600
=CAT  \\$c20060118$lBLL01$h1607
=CAT  \\$a6098$b40$c20060904$lBLL01$h1452
=CAT  \\$a6098$b40$c20060904$lBLL01$h1453
=CAT  \\$a6098$b40$c20060904$lBLL01$h1454
=CAT  \\$a6923$b40$c20061031$lBLL01$h1306
=CAT  \\$a11251$b40$c20070913$lBLL01$h1148
=CAT  \\$aBATCH$b00$c20091217$lBLL01$h0408
=CAT  \\$aBATCH$b00$c20100103$lBLL01$h1202
=CAT  \\$aWR16_021$c20160613$lBLL01$h1803
=CAT  \\$aBATCH-UPD$b00$c20160613$lBLL01$h1810
=CAT  \\$aBATCH-UPD$b00$c20211229$lBLL01$h2053
=CAT  \\$aBATCH-CLAB$c20220330$lBLL01$h1706
=CAT  \\$aIPL-CLA$c20220331$lBLL01$h2235
=CAT  \\$aBATCH-CLAB$c20230324$lBLL01$h1400
=CAT  \\$aIPL-CLA$c20230331$lBLL01$h1645
=CFI  0\$aCurrent Copyright Fee: GBP34.00$c0$e01-apr-2023$fGBP34.00$g0$hC$5Uk
=CFI  2\$aPrevious Copyright Fee: GBP28.00$c0$e01-apr-2022$fGBP28.00$g0$hC$5Uk
=FIN  \\$aY$d20060904
=FMT  \\$a  BK
=LAS  \\$aIPL-CLA$b00$c20230331$lBLL01$h1645

