=LDR  01826aam a2200505 a 4500
=001  013365732
=003  Uk
=005  20060801190058.0
=008  050310s2005\\\\nyu\\\\\\\\\\\000\0\eng\\
=010  \\$a2005040870  
=015  \\$aGBA608296$2bnb
=016  7\$a013365732$2Uk
=020  \\$a9780743270274 (hbk.) :$c£17.99
=020  \\$a0743270274 (hbk.) :$c£17.99
=040  \\$aStDuBDS$beng$cStDuBDS$dUk
=042  \\$aukblsr
=050  00$aHF5415.5$b.W585 2005
=082  00$a658.812$222
=100  1\$aWillingham, Ron,$d1932-
=245  10$aIntegrity service :$btreat your customers right, watch your business grow /$cRon Willingham.
=260  \\$aNew York ;$aLondon :$bFree,$c2005.
=300  \\$a265 p. :$bill. ;$c24 cm.
=336  \\$atext$2rdacontent
=337  \\$aunmediated$2rdamedia
=338  \\$avolume$2rdacarrier
=500  \\$aFormerly CIP.$5Uk
=650  \0$aCustomer services.
=690  7\$aManagement and Business Studies$2blcoll
=852  41$aBritish Library$bHMNTS$jYK.2006.a.13330
=852  \\$aBritish Library$bHMNTS
=856  42$3Publisher description$uhttp://www.loc.gov/catdir/enhancements/fy0631/2005040870-d.html
=856  41$3Table of contents$uhttp://www.loc.gov/catdir/enhancements/fy0631/2005040870-t.html
=856  41$3Sample text$uhttp://www.loc.gov/catdir/enhancements/fy0641/2005040870-s.html
=BUF  \\$aN$d20060717
=CAT  \\$aBATCH-CIP$b00$c20051220$lBLL01$h1701
=CAT  \\$c20051220$lBLL01$h1704
=CAT  \\$c20051220$lBLL01$h1724
=CAT  \\$a10876$b40$c20060717$lBLL01$h1522
=CAT  \\$aBATCH-BUOC$b00$c20060720$lBLL01$h2206
=CAT  \\$aBATCH$b00$c20060801$lBLL01$h1900
=CAT  \\$aBATCH$b00$c20090624$lBLL01$h1708
=CAT  \\$aWR16_021$c20160613$lBLL01$h1804
=FIN  \\$aY$d20060717
=FMT  \\$a  BK
=LAS  \\$aWR16_021$b00$c20160613$lBLL01$h1804

