=LDR  03621 am a2200649 a 4500
=001  013367366
=003  Uk
=005  20070611153858.0
=008  050805s2005\\\\nyu\\\\\\b\\\\001\0\eng\\
=010  \\$a2005022846
=015  \\$aGBA733979$2bnb
=016  7\$a013367366$2Uk
=020  \\$a9781555705534 (alk. paper) :$cNo price
=020  \\$a1555705537 (alk. paper) :$cNo price
=040  \\$aUk$beng$cUk
=042  \\$aukblsr
=050  00$aZ678$b.C885 2005
=082  00$a025.1$222
=100  1\$aCurzon, Susan Carol.
=245  10$aManaging change :$ba how-to-do-it manual for librarians /$cSusan Carol Curzon ; foreword by Michael Gorman.
=250  \\$aRev. ed.
=260  \\$aNew York, NY ;$aLondon :$bNeal-Schuman Publishers,$cc2005.
=300  \\$axiv, 129 p. ;$c28 cm.
=336  \\$atext$2rdacontent
=337  \\$aunmediated$2rdamedia
=338  \\$avolume$2rdacarrier
=490  1\$aHow-to-do-it manuals for librarians ;$vno. 145
=504  \\$aIncludes bibliographical references and index.
=505  0\$aHow to conceptualize change -- How to prepare the organization for change -- How to organize the planning group -- How to plan the change -- How to decide what needs to change -- How to manage individuals during change -- How to control resistance to change -- How to implement the change -- How to evaluate the change -- How to succeed : the fifteen key points -- Change scenario 1 : adjusting to the budget cut -- Change scenario 2 : cleaning up the cataloging backlog -- Change scenario 3 : improving poor service at reference -- Change scenario 4 : controlling unruly students -- Change scenario 5 : removing the homeless from the doorway -- Change scenario 6 : resisting outsourcing -- Change scenario 7 : dealing with pornography in the library -- Change scenario 8 : handling managers in conflict -- Change scenario 9 : succeeding an unfit director -- Change scenario 10 : competing for a staff increase -- Change scenario 11 : reorganizing request due to staff romance -- Change scenario 12 : compromising on the uses of new space -- Change scenario 13 : receiving the cold shoulder -- Change scenario 14 : taking the place of a retired director -- Change scenario 15 : accepting a wealthy donor's useless collection.
=540  \\$aBritish Library not licensed to copy$c0$5Uk
=650  \0$aLibrary planning.
=650  \0$aLibrary administration.
=650  \0$aLibrary personnel management.
=650  \0$aOrganizational change$xManagement.
=650  \0$aLibrary planning$vCase studies.
=650  \0$aLibrary administration$vCase studies.
=650  \0$aLibrary personnel management$vCase studies.
=650  \0$aOrganizational change$xManagement$vCase studies.
=830  \0$aHow-to-do-it manuals for libraries ;$vno. 145.
=852  41$aBritish Library$bHMNTS
=852  41$aBritish Library$bHMNTS$jYC.2007.b.823
=852  41$aBritish Library$bDSC$j4335.243545$ino. 145
=856  41$3Table of contents$uhttp://www.loc.gov/catdir/toc/ecip0517/2005022846.html
=CAT  \\$a7233$b40$c20051221$lBLL01$h1510
=CAT  \\$a7233$b40$c20051221$lBLL01$h1511
=CAT  \\$a9666$b40$c20070503$lBLL01$h0938
=CAT  \\$a9666$b40$c20070611$lBLL01$h1538
=CAT  \\$aBATCH-CLA$b00$c20140810$lBLL01$h1458
=CAT  \\$aBATCH-CLA$b00$c20160607$lBLL01$h0114
=CAT  \\$aWR16_021$c20160613$lBLL01$h1804
=CAT  \\$aBATCH-CLA$b00$c20160614$lBLL01$h0129
=CFI  0\$aBritish Library not licensed to copy$c0$e07-sep-2011$hC$iTX$5Uk
=FIN  \\$aY$d20051221
=FMT  \\$a  BK
=LAS  \\$aBATCH-CLA$b00$c20160614$lBLL01$h0129
=SID  \\$aZ39$bLOC
=TCO  \\$aTRS$bCCC$c008

