=LDR  01995aam a2200577 a 4500
=001  013370513
=003  Uk
=005  20061004135840.0
=008  051212s2006\\\\ne\a\\\\\bf\\\001\0\eng\\
=010  \\$a  2005036148
=015  \\$aGBA610226$2bnb
=016  7\$a013370513$2Uk
=020  \\$a9780240852331 (pbk.) :$c£24.99
=020  \\$a0240852338 (pbk.) :$c£24.99
=020  \\$a9780240808017 (CD- ROM)
=020  \\$a0240808010 (CD- ROM)
=040  \\$aStDuBDS$beng$cStDuBDS$dUk
=042  \\$aukblsr
=050  00$aTR850$b.U93 2006
=082  00$a778.53$222
=100  10$aUva, Michael.
=245  14$aThe grip book /$cby Michael G. Uva.
=250  \\$a3rd ed.
=260  \\$aAmsterdam ;$aLondon :$bFocal,$c2006.
=300  \\$axxvii, 400 p. :$bill. ;$c23 cm. +$e1 DVD (4 3/4 in.)
=336  \\$atext$2rdacontent
=337  \\$aunmediated$2rdamedia
=338  \\$avolume$2rdacarrier
=500  \\$aFormerly CIP.$5Uk
=504  \\$aIncludes bibliographical references and index.
=650  \0$aCinematography$vHandbooks, manuals, etc.
=650  \0$aGrips (Persons)$vHandbooks, manuals, etc.
=852  41$aBritish Library$bDSC$jvm06/.50458
=852  \\$aBritish Library$bDSC
=852  41$aBritish Library$bHMNTS$jEMC.2006.a.636
=856  41$3Table of contents$uhttp://www.loc.gov/catdir/toc/ecip065/2005036148.html
=856  42$3Publisher description$uhttp://www.loc.gov/catdir/enhancements/fy0623/2005036148-d.html
=BUF  \\$aN$d20060727
=CAT  \\$aBATCH-CIP$b00$c20060104$lBLL01$h1057
=CAT  \\$c20060104$lBLL01$h1059
=CAT  \\$c20060104$lBLL01$h1115
=CAT  \\$c20060302$lBLL01$h1454
=CAT  \\$c20060302$lBLL01$h1506
=CAT  \\$a9678$b40$c20060727$lBLL01$h0754
=CAT  \\$aBATCH-BUOC$b00$c20060810$lBLL01$h2134
=CAT  \\$a8332$b40$c20061004$lBLL01$h1358
=CAT  \\$aWR16_021$c20160613$lBLL01$h1805
=CAT  \\$aBATCH-UPD$b00$c20160613$lBLL01$h1828
=FIN  \\$aY$d20060727
=FMT  \\$a  BK
=LAS  \\$aBATCH-UPD$b00$c20160613$lBLL01$h1828

