=LDR  03302cam a2200697 a 4500
=001  013380569
=003  Uk
=005  20220331223540.0
=008  090327s2009\\\\enka\\\\\\\\\\001\0\eng\\
=010  \\$a2009013376  
=015  \\$aGBA614351$2bnb
=016  7\$a013380569$2Uk
=020  \\$a9781405122702 (pbk.) :$cNo price
=020  \\$a1405122706 (pbk.) :$cNo price
=040  \\$aStDuBDS$beng$cStDuBDS$dUk
=042  \\$aukblsr
=050  00$aRC900.5$b.B53 2009
=082  00$a616.6$222
=100  10$aBlandy, John P.$q(John Peter),$d1927-
=245  10$aLecture notes.$pUrology /$cJohn Blandy, Amir Kaisary.
=246  30$aUrology
=250  \\$a6th ed.
=260  \\$aOxford :$bBlackwell,$c2009.
=300  \\$avii, 280 p. :$bill. (some col.) ;$c25 cm.
=336  \\$atext$2rdacontent
=337  \\$aunmediated$2rdamedia
=338  \\$avolume$2rdacarrier
=490  0\$aLecture notes
=500  \\$aFormerly CIP.$5Uk
=500  \\$aIncludes index.
=500  \\$aRev. ed. of: Lecture notes on urology / John Blandy. 5th ed. 1998.
=505  0\$aHistory and examination -- Investigations -- The kidney : structure and function -- The kidney : congenital disorders -- The kidney : trauma -- The kidney : inflammation -- Urinary calculi -- Neoplasms of the kidney -- Vascular disorders of the kidney and hypertension -- The adrenal gland -- Renal failure -- The renal pelvis and ureter -- The bladder : structure and function -- The bladder : congenital abnormalities and trauma -- Urinary tract infection -- Bladder cancer -- The bladder : disorders of micturition -- The prostate gland : benign disorders -- Prostate cancer -- The urethra -- The penis -- The testicle -- Male fertility -- Minimally invasive urology : laparoscopy and robotics.
=540  \\$aCurrent Copyright Fee: GBP32.00$c0$5Uk
=650  \0$aUrinary organs$xDiseases$vOutlines, syllabi, etc.
=650  \0$aUrology$vOutlines, syllabi, etc.
=650  12$aUrologic Diseases.
=700  1\$aKaisary, Amir V.
=700  1\$aBlandy, John P.$q(John Peter),$d1927-$tLecture notes on urology.
=852  41$aBritish Library$bDSC
=852  41$aBritish Library$bHMNTS$jYK.2010.a.1001
=856  42$3Contributor biographical information$uhttp://www.loc.gov/catdir/enhancements/fy0914/2009013376-b.html
=856  42$3Publisher description$uhttp://www.loc.gov/catdir/enhancements/fy0914/2009013376-d.html
=856  41$3Table of contents only$uhttp://www.loc.gov/catdir/enhancements/fy0914/2009013376-t.html
=BUF  \\$aN$d20100114
=CAT  \\$aBATCH-CIP$b00$c20060117$lBLL01$h1701
=CAT  \\$c20060117$lBLL01$h1703
=CAT  \\$c20060117$lBLL01$h1717
=CAT  \\$aBATCH$b00$c20061207$lBLL01$h1038
=CAT  \\$aBATCH$b00$c20061207$lBLL01$h1045
=CAT  \\$aBATCH$b00$c20090110$lBLL01$h1734
=CAT  \\$a11384$b40$c20100114$lBLL01$h1554
=CAT  \\$aBATCH-BUOC$b00$c20100401$lBLL01$h2344
=CAT  \\$aBATCH$b00$c20100401$lBLL01$h2345
=CAT  \\$aBATCH-UPD$b00$c20141220$lBLL01$h0556
=CAT  \\$aWR16_021$c20160613$lBLL01$h1806
=CAT  \\$aBATCH-CLAB$c20220330$lBLL01$h1708
=CAT  \\$aIPL-CLA$c20220331$lBLL01$h2235
=CFI  0\$aCurrent Copyright Fee: GBP32.00$c0$e01-apr-2022$fGBP32.00$g0$hC$5Uk
=FIN  \\$aY$d20100114
=FMT  \\$a  BK
=LAS  \\$aIPL-CLA$b00$c20220331$lBLL01$h2235

