=LDR  02927 am a2200481 a 4500
=001  013381815
=003  Uk
=005  20110404105837.0
=008  050614s2005\\\\nyua\\\\\\\\\\001\0\eng\\
=010  \\$a  2005016691
=015  \\$aGBB142897$2bnb
=016  7\$a013381815$2Uk
=020  \\$a1576601919 (alk. paper)
=040  \\$aDLC$cDLC$dDLC$dUk
=042  \\$aukblsr
=050  00$aHF5415$b.C54738 2005
=082  00$a658.8$222
=100  1\$aCone, Steve,$d1950-
=245  10$aSteal these ideas! :$bmarketing secrets that will make you a star /$cSteve Cone.
=250  \\$a1st ed.
=260  \\$aNew York, N.Y. :$bBloomberg Press,$c2005.
=300  \\$aix, 188 p. :$bill. ;$c22 cm.
=336  \\$atext$2rdacontent
=337  \\$aunmediated$2rdamedia
=338  \\$avolume$2rdacarrier
=500  \\$aIncludes index.
=505  0\$aThree hidden ingredients in every winning marketing campaign -- In simple language : what is a brand? What makes it successful? How do you manage it? -- How to create a unique selling proposition -- Create, or hire, or beg, to build a memorable, distinctive personality for your business -- You have to be able to see it to read it -- Brochures kill trees : make the trees that die for you count -- Everlasting tag lines -- Think globally, act locally-- to a point -- Integration wins wars and the mind of the consumer -- Location, location, location : get the most from your media dollars -- No one ever bought anything from an English professor -- The three most important customer lessons you will ever learn -- The art of building effective loyalty programs -- Surprise! we're all getting older -- The big breakthrough idea : where does it come from? -- The web : hype and hope -- The power of public relations and sponsorships -- Politics and promotion -- In the spotlight -- Confucius and stardom -- How to make the most of your advertising agency -- The ten secrets you really need to steal -- Being all that we can be.
=520  \\$a"A concise handbook of marketing ideas covering advertising, branding, public relations, direct response, and more, illustrated with examples of brands and successful and unsuccessful ads, written by a marketing executive with nearly 30 years of experience in the field"--Provided by publisher.
=650  \0$aMarketing.
=690  7\$aManagement and Business Studies$2blcoll
=852  \\$aBritish Library$bSTI
=852  11$aBritish Library$bSTI$k(B)$h658.8
=852  41$aBritish Library$bHMNTS$jYK.2011.a.13756
=856  41$3Table of contents$uhttp://www.loc.gov/catdir/toc/ecip0514/2005016691.html
=CAT  \\$a10958$b40$c20060118$lBLL01$h1335
=CAT  \\$a10883$b40$c20061004$lBLL01$h1054
=CAT  \\$aBATCH$b00$c20090624$lBLL01$h1709
=CAT  \\$a8202$b40$c20110404$lBLL01$h1058
=CAT  \\$aWR16_021$c20160613$lBLL01$h1807
=FIN  \\$aY$d20061004
=FMT  \\$a  BK
=LAS  \\$aWR16_021$b00$c20160613$lBLL01$h1807
=SRC  \\$aBLL02

