=LDR  02078 am a2200553 a 4500
=001  013382101
=003  Uk
=005  20060404141923.0
=008  050809s2005\\\\cauabc\\\be\\\001\0\eng\\
=010  \\$a  2005022937
=015  \\$aGBA638394$2bnb
=020  \\$a1851094202 (set) :$cNo price
=035  \\$a(OCoLC)ocm61247250
=040  \\$aDLC$cDLC$dYDX$dBAKER$dDLC$dUk
=042  \\$aukblsr
=050  00$aD510$b.E53 2005
=082  00$a940.303$222
=245  00$aWorld War I :$bencyclopedia /$cSpencer C. Tucker, editor ; Cole C. Kingseed ... [et al.] assistant editors ; foreword by John Eisenhower.
=246  3\$aWorld War one
=246  14$aEncyclopedia of World War I
=260  \\$aSanta Barbara, Calif. :$bABC-CLIO,$cc2005.
=300  \\$a5 v. :$bill., maps, ports. ;$c29 cm.
=336  \\$atext$2rdacontent
=337  \\$aunmediated$2rdamedia
=338  \\$avolume$2rdacarrier
=504  \\$aIncludes bibliographical references and index.
=505  0\$av. 1. A-D -- v. 2. E-L -- v. 3. M-R -- v. 4. S-Z -- v. 5. Documents / Priscilla Roberts, editor.
=650  \0$aWorld War, 1914-1918$vEncyclopedias.
=700  1\$aTucker, Spencer,$d1937-
=700  1\$aRoberts, Priscilla Mary,$d1955-
=852  41$aBritish Library$bDSC$jQ940.303$ivol. 1
=852  41$aBritish Library$bDSC$jQ940.303$ivol. 2
=852  41$aBritish Library$bDSC$jQ940.303$ivol. 3
=852  41$aBritish Library$bDSC$jQ940.303$ivol. 4
=852  41$aBritish Library$bDSC$jQ940.303$ivol. 5
=852  41$aBritish Library$bHMNTS
=852  41$aBritish Library$bHMNTS
=852  41$aBritish Library$bHMNTS
=852  41$aBritish Library$bHMNTS
=852  11$aBritish Library$bHMNTS$cSPHOA$kHLR$h940.3
=856  41$3Table of contents$uhttp://www.loc.gov/catdir/toc/ecip0517/2005022937.html
=CAT  \\$a7203$b40$c20060118$lBLL01$h1627
=CAT  \\$a10746$b40$c20060404$lBLL01$h1412
=CAT  \\$a10746$b40$c20060404$lBLL01$h1419
=CAT  \\$aBATCH-UPD$b40$c20161010$lBLL01$h2049
=FIN  \\$aY$d20060404
=FMT  \\$a  BK
=LAS  \\$aBATCH-UPD$b40$c20161010$lBLL01$h2049
=SRC  \\$aBLL02

