=LDR  02263aam a2200625 a 4500
=001  013397776
=003  Uk
=005  20060907213332.0
=008  050815s2006\\\\nyu\\\\\\b\\\\001\0\eng\\
=010  \\$a  2005051710
=015  \\$aGBA621529$2bnb
=016  7\$a013397776$2Uk
=020  \\$a1403972117 (hbk.) :$c£45.00
=040  \\$aStDuBDS$beng$cStDuBDS$dUk
=042  \\$aukblsr
=043  \\$af------
=050  00$aHN773.5$b.B66 2006
=082  00$a303.4096$222
=100  1\$aBongmba, Elias Kifon,$d1953-
=245  14$aThe dialectics of transformation in Africa /$cElias Kifon Bongmba.
=260  \\$aNew Tork ;$aBasingstoke :$bPalgrave Macmillan,$c2006.
=300  \\$ax, 310 p. ;$c22 cm.
=336  \\$atext$2rdacontent
=337  \\$aunmediated$2rdamedia
=338  \\$avolume$2rdacarrier
=500  \\$aFormerly CIP.$5Uk
=504  \\$aIncludes bibliographical references ([213]-300) and index.
=650  \0$aPolitical corruption$zAfrica.
=650  \0$aPostcolonialism$zAfrica.
=651  \0$aAfrica$xSocial conditions$y1960-
=651  \0$aAfrica$xPolitics and government$y1960-
=690  7\$aSocial Welfare$2blcoll
=852  41$aBritish Library$bHMNTS$jYC.2010.a.5434
=852  \\$aBritish Library$bDSC
=856  42$3Contributor biographical information$uhttp://www.loc.gov/catdir/enhancements/fy0625/2005051710-b.html
=856  42$3Publisher description$uhttp://www.loc.gov/catdir/enhancements/fy0625/2005051710-d.html
=856  41$3Table of contents only$uhttp://www.loc.gov/catdir/enhancements/fy0629/2005051710-t.html
=BUF  \\$aN$d20060901
=CAT  \\$aBATCH-CIP$b00$c20060207$lBLL01$h1702
=CAT  \\$c20060207$lBLL01$h1704
=CAT  \\$c20060207$lBLL01$h1717
=CAT  \\$c20060314$lBLL01$h1051
=CAT  \\$c20060314$lBLL01$h1055
=CAT  \\$c20060406$lBLL01$h0955
=CAT  \\$c20060406$lBLL01$h1006
=CAT  \\$c20060505$lBLL01$h0954
=CAT  \\$c20060505$lBLL01$h1004
=CAT  \\$a9523$b40$c20060901$lBLL01$h1412
=CAT  \\$aBATCH-BUOC$b00$c20060907$lBLL01$h2133
=CAT  \\$aBATCH$b00$c20110625$lBLL01$h0518
=CAT  \\$aBATCH-SWP4$c20110627$lBLL01$h1601
=CAT  \\$aWR16_021$c20160613$lBLL01$h1809
=FIN  \\$aY$d20060901
=FMT  \\$a  BK
=LAS  \\$aWR16_021$b00$c20160613$lBLL01$h1809

