=LDR  02136aam a2200493 a 4500
=001  013403084
=003  Uk
=005  20060803214050.0
=008  050830s2006\\\\cau\\\\\\b\\\\001\0\eng\\
=010  \\$a  2005025358
=015  \\$aGBA623032$2bnb
=016  7\$a013403084$2Uk
=020  \\$a1412928192 (hbk.) :$c£44.00
=020  \\$a1412928206 (pbk.) :$c£19.99
=040  \\$aStDuBDS$beng$cStDuBDS$dUk
=042  \\$aukblsr
=050  00$aHV1421$b.U54 2006
=082  00$a616.8900835$222
=100  1\$aUngar, Michael,$d1963-
=245  10$aStrengths-based counseling with at-risk youth /$cMichael Ungar.
=260  \\$aThousand Oaks, Calif. :$bCorwin ;$aLondon :$b[SAGE, distributor],$c2006.
=300  \\$axiii, 129 p. ;$c26 cm.
=336  \\$atext$2rdacontent
=337  \\$aunmediated$2rdamedia
=338  \\$avolume$2rdacarrier
=500  \\$aFormerly CIP.$5Uk
=504  \\$aIncludes bibliographical references (p. 123-125) and index.
=505  0\$aSurviving and thriving --Three identities : pandas, chameleons, and leopards -- Six strategies for nurturing resilience -- From truth to action : implementing strategies two through five -- The many expressions of youth resilience -- A new way to look at bullying -- Assessing resilience -- Translating the results of the resilient youth strengths inventory -- Conclusion : the need for change.
=650  \0$aYouth with social disabilities$xServices for.
=650  \0$aProblem youth$xServices for.
=852  41$aBritish Library$bHMNTS$jYK.2006.b.3933
=852  \\$aBritish Library$bHMNTS
=856  41$3Table of contents only$uhttp://www.loc.gov/catdir/toc/ecip0518/2005025358.html
=856  42$3Publisher description$uhttp://www.loc.gov/catdir/enhancements/fy0661/2005025358-d.html
=BUF  \\$aN$d20060801
=CAT  \\$aBATCH-CIP$b00$c20060214$lBLL01$h1701
=CAT  \\$c20060214$lBLL01$h1703
=CAT  \\$c20060214$lBLL01$h1717
=CAT  \\$a9523$b40$c20060801$lBLL01$h1052
=CAT  \\$aBATCH-BUOC$b00$c20060803$lBLL01$h2140
=CAT  \\$aWR16_021$c20160613$lBLL01$h1810
=FIN  \\$aY$d20060801
=FMT  \\$a  BK
=LAS  \\$aWR16_021$b00$c20160613$lBLL01$h1810

