=LDR  01674aam a2200505 a 4500
=001  013409061
=003  Uk
=005  20110708143648.0
=008  050223s2000\\\\onca\\\\\\\\\\001\0\eng\d
=010  \\$a  2005362907
=015  \\$aGBA625431$2bnb
=016  7\$a013409061$2Uk
=020  \\$a0778800237 (pbk.) :$c£12.95
=040  \\$aStDuBDS$beng$cStDuBDS$dUk
=042  \\$aukblsr
=050  00$aTX803.B4$bB38 2000
=082  04$a641.6565$221
=245  04$aThe beans, lentils & tofu gourmet.
=246  3\$aBeans, lentils and tofu gourmet
=260  \\$aDon Mills, Ont. :$bRobert Rose ;$aPoole :$bChris Lloyd [distributor],$c2000.
=300  \\$a191 p. :$bill. (some col.) ;$c26 cm.
=336  \\$atext$2rdacontent
=337  \\$aunmediated$2rdamedia
=338  \\$avolume$2rdacarrier
=500  \\$aFormerly CIP.$5Uk
=500  \\$aIncludes index.
=650  \0$aCooking (Beans)
=650  \0$aCooking (Lentils)
=650  \0$aCooking (Tofu)
=852  41$aBritish Library$bHMNTS
=852  41$aBritish Library$bHMNTS$jYK.2006.b.4551
=856  42$3Publisher description$uhttp://www.loc.gov/catdir/enhancements/fy0627/2005362907-d.html
=BUF  \\$aN$d20060926
=CAT  \\$aBATCH-CIP$b00$c20060221$lBLL01$h1702
=CAT  \\$c20060221$lBLL01$h1705
=CAT  \\$c20060221$lBLL01$h1726
=CAT  \\$a11168$b40$c20060926$lBLL01$h1446
=CAT  \\$a11168$b40$c20060926$lBLL01$h1449
=CAT  \\$aBATCH-BUOC$b00$c20060928$lBLL01$h2136
=CAT  \\$a9081$b40$c20110628$lBLL01$h1143
=CAT  \\$a11249$b40$c20110708$lBLL01$h1436
=CAT  \\$aWR16_021$c20160613$lBLL01$h1811
=FIN  \\$aY$d20060926
=FMT  \\$a  BK
=LAS  \\$aWR16_021$b00$c20160613$lBLL01$h1811

