=LDR  02100 am a2200577 a 4500
=001  013416409
=003  Uk
=005  20080128110813.0
=008  050816s2006\\\\nyu\\\\\\b\\\\001\0\eng\\
=010  \\$a2005023940  
=015  \\$aGBA810078$2bnb
=016  7\$a013416409$2Uk
=020  \\$a0815630891 (alk. paper) :$cNo price
=040  \\$aDLC$cDLC$dDLC$dUk
=042  \\$aukblcatcopy
=043  \\$ae-fr---
=050  00$aPQ150.J4$bN65 2005
=082  00$a840.9892409045$222
=100  10$aNolden, Thomas.
=245  10$aIn lieu of memory :$bcontemporary Jewish writing in France /$cThomas Nolden.
=250  \\$a1st ed.
=260  \\$aSyracuse, N.Y. :$bSyracuse University Press,$c2006.
=300  \\$axvi, 254 p. ;$c24 cm.
=336  \\$atext$2rdacontent
=337  \\$aunmediated$2rdamedia
=338  \\$avolume$2rdacarrier
=490  1\$aJudaic traditions in literature, music, and art
=504  \\$aIncludes bibliographical references and index.
=650  \0$aFrench literature$xJewish authors$xHistory and criticism.
=650  \0$aFrench literature$y20th century$xHistory and criticism.
=650  \0$aJudaism and literature$zFrance.
=650  \0$aJewish authors$zFrance.
=650  \0$aHolocaust, Jewish (1939-1945)$zFrance$xInfluence.
=830  \0$aJudaic traditions in literature, music, and art.
=852  41$aBritish Library$bHMNTS
=852  41$aBritish Library$bDSC$jm06/.17820
=856  41$3Table of contents$uhttp://www.loc.gov/catdir/toc/ecip0517/2005023940.html
=CAT  \\$aBATCH-APP$b00$c20060301$lBLL01$h1317
=CAT  \\$c20060301$lBLL01$h1318
=CAT  \\$c20060301$lBLL01$h1321
=CAT  \\$a10883$b40$c20060330$lBLL01$h0859
=CAT  \\$a5375$b40$c20080128$lBLL01$h1107
=CAT  \\$a5375$b40$c20080128$lBLL01$h1108
=CAT  \\$aBATCH$b00$c20091217$lBLL01$h0415
=CAT  \\$aBATCH$b00$c20100103$lBLL01$h1209
=CAT  \\$aBATCH-UPD$b00$c20101009$lBLL01$h0211
=CAT  \\$aBATCH-UPD$b00$c20150523$lBLL01$h1733
=CAT  \\$aWR16_021$c20160613$lBLL01$h1812
=FIN  \\$aY$d20060330
=FMT  \\$a  BK
=LAS  \\$aWR16_021$b00$c20160613$lBLL01$h1812

