=LDR  04378cam a2200997 a 4500
=001  013458669
=003  Uk
=005  20211231172038.0
=008  031119s2003\\\\dcua\\\\rb\\\\000\0\eng\d
=010  \\$a2003384037
=020  \\$a1589062213
=035  \\$a(OCoLC)ocm53462872
=040  \\$aUIA$beng$cUIA$dDLC
=042  \\$alccopycat
=043  \\$ad------
=050  00$aHG195$b.E33 2003
=082  00$a332/.042/091724$222
=245  00$aEffects of financial globalization on developing countries :$bsome empirical evidence /$cEswar Prasad ... [et al.].
=260  \\$aWashington, D.C. :$bInternationl Monetary Fund,$c2003.
=300  \\$aix, 54 p. :$bcol. ill. ;$c28 cm.
=336  \\$atext$2rdacontent
=337  \\$aunmediated$2rdamedia
=338  \\$avolume$2rdacarrier
=490  1\$aOccasional paper ;$v220
=504  \\$aIncluye referencias bibliográficas (p. 46-52).
=540  \\$aCurrent Copyright Fee: GBP7.30$c0$5Uk
=650  \4$aGlobalización.
=650  \0$aFinance$zDeveloping countries.
=650  \0$aGlobalization$zDeveloping countries.
=651  \4$aPaíses en desarrollo.
=690  7\$aManagement and Business Studies$2blcoll
=700  1\$aPrasad, Eswar.
=710  2\$aInternational Monetary Fund.
=830  \0$aOccasional paper (International Monetary Fund) ;$vno. 220.
=852  41$aBritish Library$bDSC$j6217.477500$iIssue 220
=852  \\$aBritish Library$bDSC
=856  41$3Table of contents$uhttp://www.loc.gov/catdir/toc/fy043/2003384037.html
=985  \\$aProvisional record - DSC
=ACF  \\$aPrevious Copyright Fee: GBP6.00$c0$e01-oct-2013$fGBP6.00$g0$hC$5Uk
=ACF  \\$aPrevious Copyright Fee: GBP6.25$c0$e01-jan-2014$fGBP6.25$g0$hC$5Uk
=ACF  \\$aPrevious Copyright Fee: GBP6.06$c0$e01-jul-2014$fGBP6.06$g0$hC$5Uk
=ACF  \\$aPrevious Copyright Fee: GBP6.67$c0$e01-apr-2015$fGBP6.67$g0$hC$5Uk
=ACF  \\$aPrevious Copyright Fee: GBP6.45$c0$e01-oct-2015$fGBP6.45$g0$hC$5Uk
=ACF  \\$aBritish Library not licensed to copy$c0$e01-apr-2016$hC$iCFP Excluded$5Uk
=ACF  \\$aPrevious Copyright Fee: GBP8.00$c0$e01-jul-2017$fGBP8.00$g0$hC$5Uk
=ACF  \\$aPrevious Copyright Fee: GBP7.60$c0$e01-oct-2017$fGBP7.60$g0$hC$5Uk
=ACF  \\$aPrevious Copyright Fee: GBP7.69$c0$e01-jan-2018$fGBP7.69$g0$hC$5Uk
=ACF  \\$aPrevious Copyright Fee: GBP7.14$c0$e01-apr-2018$fGBP7.14$g0$hC$5Uk
=ACF  \\$aPrevious Copyright Fee: GBP7.69$c0$e01-oct-2018$fGBP7.69$g0$hC$5Uk
=ACF  \\$aPrevious Copyright Fee: GBP8.00$c0$e01-oct-2019$fGBP8.00$g0$hC$5Uk
=ACF  \\$aPrevious Copyright Fee: GBP7.69$c0$e01-apr-2020$fGBP7.69$g0$hC$5Uk
=ACF  \\$aPrevious Copyright Fee: GBP8.00$c0$e01-jul-2020$fGBP8.00$g0$hC$5Uk
=ACF  \\$aPrevious Copyright Fee: GBP7.22$c0$e01-jul-2021$fGBP7.22$g0$hC$5Uk
=CAT  \\$a10926$b40$c20060502$lBLL01$h1328
=CAT  \\$aIPL-CLA$c20150930$lBLL01$h1812
=CAT  \\$aBATCH-CLA$b00$c20160325$lBLL01$h0908
=CAT  \\$aIPL-CLA$c20160331$lBLL01$h1734
=CAT  \\$aBATCH-CLA$b00$c20170622$lBLL01$h1342
=CAT  \\$aIPL-CLA$c20170630$lBLL01$h1603
=CAT  \\$aBATCH-CLA$b00$c20170921$lBLL01$h1812
=CAT  \\$aIPL-CLA$c20170929$lBLL01$h1733
=CAT  \\$aBATCH-CLA$b00$c20171221$lBLL01$h1229
=CAT  \\$aIPL-CLA$c20171231$lBLL01$h1654
=CAT  \\$aBATCH-CLA$b00$c20180319$lBLL01$h1738
=CAT  \\$aIPL-CLA$c20180331$lBLL01$h1624
=CAT  \\$aBATCH-CLA$b00$c20180920$lBLL01$h1612
=CAT  \\$aIPL-CLA$c20180930$lBLL01$h1504
=CAT  \\$aBATCH-CLA$b00$c20190924$lBLL01$h1853
=CAT  \\$aIPL-CLA$c20190930$lBLL01$h1639
=CAT  \\$aBATCH-CLA$b00$c20200325$lBLL01$h1232
=CAT  \\$aIPL-CLA$c20200331$lBLL01$h1616
=CAT  \\$aBATCH-CLA$b00$c20200619$lBLL01$h1523
=CAT  \\$aIPL-CLA$c20200701$lBLL01$h0058
=CAT  \\$aBATCH-CLA$b00$c20210617$lBLL01$h1342
=CAT  \\$aIPL-CLA$c20210704$lBLL01$h1118
=CAT  \\$aBATCH-CLA$b00$c20210928$lBLL01$h1446
=CAT  \\$aIPL-CLA$c20210930$lBLL01$h1650
=CAT  \\$aBATCH-CLA$b00$c20211222$lBLL01$h1550
=CAT  \\$aIPL-CLA$c20211231$lBLL01$h1720
=CFI  0\$aCurrent Copyright Fee: GBP7.30$c0$e01-jan-2022$fGBP7.30$g0$hC$5Uk
=CFI  2\$aPrevious Copyright Fee: GBP7.10$c0$e01-oct-2021$fGBP7.10$g0$hC$5Uk
=FIN  \\$aY$d20060502
=FMT  \\$a  BK
=LAS  \\$aIPL-CLA$b00$c20211231$lBLL01$h1720
=SID  \\$aZ39$bLOC
=TCO  \\$aTRS$bCCC$c008

