=LDR  02411cam a2200637 a 4500
=001  013480007
=003  Uk
=005  20221231212329.0
=008  060329s2006\\\\ctuaf\\\\b\\\\001\0\eng\\
=010  \\$a  2006010622
=015  \\$aGBA650707$2bnb
=016  7\$a013480007$2Uk
=020  \\$a9780313335464 (hbk.) :$c£36.99
=020  \\$a031333546X (hbk.) :$c£36.99
=040  \\$aStDuBDS$beng$cStDuBDS$dUk
=042  \\$aukblsr
=050  00$aQL755.5$b.R66 2006
=082  00$a591.518$222
=100  10$aRoots, Clive,$d1935-
=245  10$aNocturnal animals /$cClive Roots.
=260  \\$aWestport, Conn. :$bGreenwood ;$aOxford :$bHarcourt Education [distributor],$c2006.
=300  \\$axiii, 226 p., [8] p. of plates :$bill. (some col.) ;$c27 cm.
=336  \\$atext$2rdacontent
=337  \\$aunmediated$2rdamedia
=338  \\$avolume$2rdacarrier
=490  1\$aGreenwood guides to the animal world,$x1559-5617
=500  \\$aFormerly CIP.$5Uk
=504  \\$aIncludes bibliographical references (p. [221]-222) and index.
=540  \\$aCurrent Copyright Fee: GBP30.00$c0$5Uk
=650  \0$aNocturnal animals.
=830  \0$aGreenwood guides to the animal world,$x1559-5617
=852  41$aBritish Library$bHMNTS
=852  41$aBritish Library$bDSC$jm06/.38951
=856  41$3Table of contents only$uhttp://www.loc.gov/catdir/toc/ecip0611/2006010622.html
=BUF  \\$aN$d20061120
=CAT  \\$aBATCH-CIP$b00$c20060530$lBLL01$h1700
=CAT  \\$c20060530$lBLL01$h1703
=CAT  \\$c20060530$lBLL01$h1717
=CAT  \\$aBATCH$b00$c20061026$lBLL01$h1040
=CAT  \\$aBATCH$b00$c20061026$lBLL01$h1043
=CAT  \\$a8411$b40$c20061120$lBLL01$h1032
=CAT  \\$a8411$b40$c20061120$lBLL01$h1033
=CAT  \\$aBATCH-BUOC$b00$c20070208$lBLL01$h2138
=CAT  \\$aBATCH$b00$c20091217$lBLL01$h0422
=CAT  \\$aBATCH$b00$c20100103$lBLL01$h1216
=CAT  \\$aWR16_021$c20160614$lBLL01$h1812
=CAT  \\$aBATCH-UPD$b00$c20160614$lBLL01$h1915
=CAT  \\$aBATCH-CLAB$c20220330$lBLL01$h1733
=CAT  \\$aIPL-CLA$c20220331$lBLL01$h2237
=CAT  \\$aBATCH-CLAB$c20221217$lBLL01$h1739
=CAT  \\$aIPL-CLA$c20221231$lBLL01$h2123
=CFI  0\$aCurrent Copyright Fee: GBP30.00$c0$e01-jan-2023$fGBP30.00$g0$hC$5Uk
=CFI  2\$aBritish Library not licensed to copy$c0$e01-apr-2022$hC$iCFP Excluded$5Uk
=FIN  \\$aY$d20061120
=FMT  \\$a  BK
=LAS  \\$aIPL-CLA$b00$c20221231$lBLL01$h2123

