=LDR  02536cam a2200673 a 4500
=001  013480419
=003  Uk
=005  20220331223748.0
=008  060228s2006\\\\enka\\\\\b\\\\001\0\eng\\
=010  \\$a2006040118
=015  \\$aGBA651118$2bnb
=016  7\$a013480419$2Uk
=020  \\$a9781403992383 (hbk.) :$c£45.00
=020  \\$a140399238X (hbk.) :$c£45.00
=040  \\$aStDuBDS$beng$cStDuBDS$dUk
=042  \\$aukblsr
=050  00$aHV4999.Y68$bK57 2006
=082  04$a362.290835$222
=100  1\$aKirke, Deirdre M.,$d1947-
=245  10$aTeenagers and substance use :$bsocial networks and peer influence /$cDeirdre M. Kirke.
=260  \\$aBasingstoke :$bPalgrave Macmillan,$c2006.
=300  \\$axii, 202 p. :$bill. ;$c22 cm.
=336  \\$atext$2rdacontent
=337  \\$aunmediated$2rdamedia
=338  \\$avolume$2rdacarrier
=500  \\$aFormerly CIP.$5Uk
=504  \\$aIncludes bibliographical references and index.
=540  \\$aBritish Library not licensed to copy$c0$5Uk
=650  \0$aTeenagers$xSubstance use.
=650  \0$aTeenagers$xDrug use.
=650  \0$aTeenagers$xAlcohol use.
=650  \0$aSubstance abuse.
=650  \0$aPeer pressure in adolescence.
=650  \0$aTeenagers$xSocial networks.
=690  7\$aSocial Welfare$2blcoll
=852  41$aBritish Library$bHMNTS
=852  41$aBritish Library$bDSC$jm06/.29545
=856  42$3Contributor biographical information$uhttp://www.loc.gov/catdir/enhancements/fy0643/2006040118-b.html
=856  42$3Publisher description$uhttp://www.loc.gov/catdir/enhancements/fy0643/2006040118-d.html
=856  41$3Table of contents$uhttp://www.loc.gov/catdir/enhancements/fy0643/2006040118-t.html
=985  \\$aDQ manual upgrade 20070622
=BUF  \\$aR$d20060804
=CAT  \\$aBATCH-CIP$b00$c20060530$lBLL01$h1701
=CAT  \\$c20060530$lBLL01$h1703
=CAT  \\$c20060530$lBLL01$h1717
=CAT  \\$aBATCH$b00$c20060707$lBLL01$h1239
=CAT  \\$aBATCH$b00$c20060707$lBLL01$h1244
=CAT  \\$a6605$b40$c20060804$lBLL01$h1033
=CAT  \\$a9523$b40$c20061010$lBLL01$h1614
=CAT  \\$a11251$b40$c20070622$lBLL01$h1909
=CAT  \\$aBATCH$b00$c20110625$lBLL01$h0520
=CAT  \\$aBATCH-SWP4$c20110627$lBLL01$h1603
=CAT  \\$aWR16_021$c20160614$lBLL01$h1812
=CAT  \\$aBATCH-CLAB$c20220330$lBLL01$h1741
=CAT  \\$aIPL-CLA$c20220331$lBLL01$h2237
=CFI  0\$aBritish Library not licensed to copy$c0$e01-apr-2022$hC$iCFP Excluded$5Uk
=FIN  \\$aY$d20060804
=FMT  \\$a  BK
=LAS  \\$aIPL-CLA$b00$c20220331$lBLL01$h2237

