=LDR  02610 am a2200673 a 4500
=001  013487825
=003  Uk
=005  20080130142738.0
=008  050701s2006\\\\nju\\\\\\b\\\\001\0\eng\\
=010  \\$a2005051473  
=015  \\$aGBA663676$2bnb
=016  7\$a013487825$2Uk
=020  \\$a9780691049472 (v. 1) :$cNo price
=020  \\$a0691049475 (v. 1) :$cNo price
=020  \\$a9780691049489 (v. 2) :$cNo price
=020  \\$a0691049483 (v. 2) :$cNo price
=040  \\$aDLC$cDLC$dDLC$dUk
=041  1\$aeng$hita
=042  \\$aukblsr
=050  00$aPN3321$b.R66 2006
=082  00$a809.3$222
=130  0\$aRomanzo.$kSelections.$lEnglish.
=245  14$aThe novel /$cedited by Franco Moretti.
=260  \\$aPrinceton ;$aOxford :$bPrinceton University Press,$c2006.
=300  \\$a2 v. :$bill. ;$c24 cm.
=336  \\$atext$2rdacontent
=337  \\$aunmediated$2rdamedia
=338  \\$avolume$2rdacarrier
=500  \\$aA selection from the original five-volume work, published in Torino by G. Einaudi editore, c2001-c2003.
=500  \\$aTranslated from the Italian.
=504  \\$aIncludes bibliographical references and indexes.
=505  0\$av. 1. History, geography, and culture -- v. 2. Forms and themes.
=546  \\$aTranslated from the Italian.
=650  \0$aFiction$xHistory and criticism.
=700  1\$aMoretti, Franco,$d1950-
=852  41$aBritish Library$bDSC$jm06/.32392$ivol. 1
=852  41$aBritish Library$bHMNTS$jYC.2006.a.18094$ivol. 2
=852  41$aBritish Library$bHMNTS$jYC.2006.a.18093$ivol. 1
=852  41$aBritish Library$bHMNTS$cSPHOA$kRAR$h809.3
=852  41$aBritish Library$bHMNTS
=852  11$aBritish Library$bHMNTS$cSPHOA$kHLR$h809.3
=852  11$aBritish Library$bHMNTS$cSPHOA$kHLR$h809.3
=852  41$aBritish Library$bDSC$jm06/.28383$ivol. 2
=856  42$3Publisher description$uhttp://www.loc.gov/catdir/enhancements/fy0654/2005051473-d.html
=856  41$3Table of contents$uhttp://www.loc.gov/catdir/enhancements/fy0654/2005051473-t.html
=985  \\$aRecord amended for WR# 13/070
=CAT  \\$aBATCH-APP$b00$c20060608$lBLL01$h1317
=CAT  \\$c20060608$lBLL01$h1317
=CAT  \\$c20060608$lBLL01$h1323
=CAT  \\$a11317$b40$c20060721$lBLL01$h0849
=CAT  \\$a11317$b40$c20060721$lBLL01$h0856
=CAT  \\$a11070$b40$c20060908$lBLL01$h1127
=CAT  \\$a11070$b40$c20060908$lBLL01$h1150
=CAT  \\$a11250$b40$c20080130$lBLL01$h1427
=CAT  \\$aWR13_070$b00$c20130504$lBLL01$h0245
=CAT  \\$aWR16_021$c20160614$lBLL01$h1813
=FIN  \\$aY$d20060721
=FMT  \\$a  BK
=LAS  \\$aWR16_021$b00$c20160614$lBLL01$h1813

