=LDR  03522cam a2200685 a 4500
=001  013490077
=003  Uk
=005  20220331223800.0
=008  060721s2007\\\\enk\\\\\\b\\\\001\0\eng\\
=010  \\$a  2006023997
=015  \\$aGBA654009$2bnb
=016  7\$a013490077$2Uk
=020  \\$a9780470019412 (pbk.) :$c£24.99
=020  \\$a0470019417 (pbk.) :$c£24.99
=040  \\$aStDuBDS$beng$cStDuBDS$dUk
=042  \\$aukblsr
=043  \\$ae-uk---
=050  00$aRC480$b.R38 2007
=082  00$a616.8914$222
=245  00$aReaching the hard to reach :$bevidence-based funding priorities for intervention and research /$cedited by Geoffrey Baruch, Peter Fonagy, David Robins.
=260  \\$aChichester :$bJohn Wiley,$cc2007.
=300  \\$axiv, 177 p. ;$c25 cm.
=336  \\$atext$2rdacontent
=337  \\$aunmediated$2rdamedia
=338  \\$avolume$2rdacarrier
=500  \\$aFormerly CIP.$5Uk
=504  \\$aIncludes bibliographical references (p. [145]-172) and index.
=505  0\$aThe early social and emotional determinants of inequalities in health / Peter Fonagy and Anna Higgitt -- What evidence for evidence-based prevention? / Peter Fonagy -- Overview of child and adolescent mental health policy and service provision in England : attempts to reach the hard to reach / Miranda Wolpert, Paula Lavis, Richard Wistow and Bob Foster -- A study of multisystemic therapy : a new type of help in the U.K. for young people in trouble with the law / Geoffrey Baruch and Jacqueline Cannon -- Barefoot practitioners : a proposal for a manualised, home-based, adolescent crisis intervention project / Eia Asen and Dickon Bevington -- Developing an enhanced care model for depression using primary care mental health workers : implications for the care and management of young men with depression / Stephen Pilling, Judy Leibowitz, John Cape, Jemma Simmons, Pamela Jacobsen and Irwin Nazareth -- The hard to reach and the Place2Be / Peter Wilson and Benita Refson.
=540  \\$aCurrent Copyright Fee: GBP32.00$c0$5Uk
=650  \0$aPsychotherapy$zGreat Britain.
=650  \0$aCommunity mental health services$zGreat Britain.
=650  \0$aCommunity psychiatry$zGreat Britain.
=650  \0$aPsychoanalysis$zGreat Britain.
=650  12$aMental Health Services$xeconomics$zGreat Britain.
=650  22$aAdolescent$zGreat Britain.
=650  22$aChild$zGreat Britain.
=650  22$aHealth Priorities$zGreat Britain.
=650  22$aPreventive Health Services$xeconomics$zGreat Britain.
=650  22$aPsychotherapy$xeconomics$zGreat Britain.
=700  1\$aBaruch, Geoff.
=700  1\$aFonagy, Peter,$d1952-
=700  1\$aRobins, David,$d1944-2007.
=852  \\$aBritish Library$bHMNTS
=852  41$aBritish Library$bDSC$jm07/.18164
=856  41$3Table of contents only$uhttp://www.loc.gov/catdir/toc/ecip0617/2006023997.html
=BUF  \\$aN$d20070306
=CAT  \\$aBATCH-CIP$b00$c20060613$lBLL01$h1700
=CAT  \\$c20060613$lBLL01$h1703
=CAT  \\$c20060613$lBLL01$h1717
=CAT  \\$a12324$b40$c20070306$lBLL01$h1418
=CAT  \\$a12324$b40$c20070306$lBLL01$h1419
=CAT  \\$aBATCH-BUOC$b00$c20070426$lBLL01$h2136
=CAT  \\$aBATCH-UPD$b00$c20071016$lBLL01$h1400
=CAT  \\$aWR16_021$c20160614$lBLL01$h1814
=CAT  \\$aBATCH-CLAB$c20220330$lBLL01$h1612
=CAT  \\$aIPL-CLA$c20220331$lBLL01$h2238
=CFI  0\$aCurrent Copyright Fee: GBP32.00$c0$e01-apr-2022$fGBP32.00$g0$hC$5Uk
=FIN  \\$aY$d20070306
=FMT  \\$a  BK
=LAS  \\$aIPL-CLA$b00$c20220331$lBLL01$h2238

