=LDR  02790cam a2200709 a 4500
=001  013500133
=003  Uk
=005  20220331223814.0
=008  060306s2006\\\\nyu\\\\\\b\\\\001\0\eng\\
=010  \\$a  2006007786
=015  \\$aGBA657778$2bnb
=016  7\$a013500133$2Uk
=020  \\$a1571133240 (hbk.) :$c£45.00
=040  \\$aStDuBDS$beng$cStDuBDS$dUk
=042  \\$aukblsr
=043  \\$ae-gx---
=050  00$aDD290.26$b.G465 2006
=082  00$a306.0943$222
=245  00$aGerman memory contests :$bthe quest for identity in literature, film, and discourse since 1990 /$cedited by Anne Fuchs, Mary Cosgrove, and Georg Grote.
=260  \\$aColumbia, S.C. :$bCamden House ;$aWoodbridge :$bBoydell & Brewer [distributor],$c2006.
=300  \\$avi, 344 p. ;$c24 cm.
=336  \\$atext$2rdacontent
=337  \\$aunmediated$2rdamedia
=338  \\$avolume$2rdacarrier
=490  1\$aStudies in German literature, linguistics, and culture
=500  \\$aFormerly CIP.$5Uk
=504  \\$aIncludes bibliographical references (p. [303]-327) and index.
=540  \\$aCurrent Copyright Fee: GBP50.00$c0$5Uk
=650  \0$aCollective memory$zGermany.
=650  \0$aGroup identity$zGermany$xHistory$y20th century.
=651  \0$aGermany$xCivilization$y20th century$xPsychological aspects.
=651  \0$aGermany$xHistory$y1990-$xHistoriography.
=700  1\$aFuchs, Anne.
=700  1\$aCosgrove, Mary.
=700  1\$aGrote, Georg,$d1966-
=830  \0$aStudies in German literature, linguistics, and culture (Unnumbered)
=830  \0$aStudies in German literature, linguistics, and culture.
=852  41$aBritish Library$bDSC
=852  41$aBritish Library$bHMNTS$jYC.2007.a.8076
=852  41$aBritish Library$bDSC$jm07/.15052
=852  \\$aBritish Library$bDSC
=856  41$3Table of contents only$uhttp://www.loc.gov/catdir/toc/ecip0610/2006007786.html
=BUF  \\$aN$d20070530
=CAT  \\$aBATCH-CIP$b00$c20060627$lBLL01$h1702
=CAT  \\$c20060627$lBLL01$h1704
=CAT  \\$c20060627$lBLL01$h1721
=CAT  \\$aBATCH$b00$c20060831$lBLL01$h1402
=CAT  \\$aBATCH$b00$c20060831$lBLL01$h1405
=CAT  \\$aBATCH$b00$c20070219$lBLL01$h1514
=CAT  \\$aBATCH$b00$c20070219$lBLL01$h1517
=CAT  \\$a11029$b40$c20070530$lBLL01$h1544
=CAT  \\$aBATCH-BUOC$b00$c20070607$lBLL01$h2135
=CAT  \\$aBATCH$b00$c20091217$lBLL01$h0425
=CAT  \\$aBATCH$b00$c20100103$lBLL01$h1219
=CAT  \\$aBATCH-UPD$b00$c20150606$lBLL01$h1723
=CAT  \\$aWR16_021$c20160614$lBLL01$h1816
=CAT  \\$aBATCH-CLAB$c20220330$lBLL01$h1713
=CAT  \\$aIPL-CLA$c20220331$lBLL01$h2238
=CFI  0\$aCurrent Copyright Fee: GBP50.00$c0$e01-apr-2022$fGBP50.00$g0$hC$5Uk
=FIN  \\$aY$d20070530
=FMT  \\$a  BK
=LAS  \\$aIPL-CLA$b00$c20220331$lBLL01$h2238

