=LDR  02334aam a2200625 a 4500
=001  013512241
=003  Uk
=005  20071012133419.0
=008  060630s2007\\\\enk\\\\\\b\\\\001\0\eng\\
=010  \\$a2006049830
=015  \\$aGBA662799$2bnb
=016  7\$a013512241$2Uk
=020  \\$a9781403987099 (hbk.) :$c£45.00
=020  \\$a1403987092 (hbk.) :$c£45.00
=020  \\$a9781403987105 (pbk.) :$c£14.99
=020  \\$a1403987106 (pbk.) :$c£14.99
=040  \\$aStDuBDS$beng$cStDuBDS$dUk
=042  \\$aukblsr
=050  00$aPR6063.U7$bZ88 2007
=082  04$a823.914$222
=100  10$aSpear, Hilda D.
=245  10$aIris Murdoch /$cHilda D. Spear.
=250  \\$a2nd ed.
=260  \\$aBasingstoke :$bPalgrave Macmillan,$c2007.
=300  \\$aix, 149 p. ;$c23 cm.
=336  \\$atext$2rdacontent
=337  \\$aunmediated$2rdamedia
=338  \\$avolume$2rdacarrier
=500  \\$aFormerly CIP.$5Uk
=500  \\$aPrevious ed.: Basingstoke: Macmillan, 1995.
=504  \\$aIncludes bibliographical references (p. 140-146) and index.
=504  \\$aIncludes bibliographical references and index.
=600  10$aMurdoch, Iris$xCriticism and interpretation.
=852  41$aBritish Library$bHMNTS$jYC.2007.a.1264
=852  41$aBritish Library$bDSC
=856  42$3Contributor biographical information$uhttp://www.loc.gov/catdir/enhancements/fy0703/2006049830-b.html
=856  42$3Publisher description$uhttp://www.loc.gov/catdir/enhancements/fy0703/2006049830-d.html
=856  41$3Table of contents only$uhttp://www.loc.gov/catdir/enhancements/fy0703/2006049830-t.html
=985  \\$aDQ manual upgrade 20071012
=BUF  \\$aR$d20061122
=CAT  \\$aBATCH-CIP$b00$c20060718$lBLL01$h1702
=CAT  \\$aBATCH$b00$c20060718$lBLL01$h1704
=CAT  \\$aBATCH$b00$c20060718$lBLL01$h1726
=CAT  \\$aBATCH$b00$c20060918$lBLL01$h1108
=CAT  \\$aBATCH$b00$c20060918$lBLL01$h1115
=CAT  \\$a9678$b40$c20061122$lBLL01$h1515
=CAT  \\$a11249$b40$c20061213$lBLL01$h1350
=CAT  \\$a11168$b40$c20070126$lBLL01$h1331
=CAT  \\$aBATCH-UPD$b40$c20070511$lBLL01$h1704
=CAT  \\$a11251$b40$c20071012$lBLL01$h1334
=CAT  \\$aWR16_021$c20160615$lBLL01$h1806
=CAT  \\$aBATCH-UPD$b00$c20160615$lBLL01$h1825
=FIN  \\$aY$d20061122
=FMT  \\$a  BK
=LAS  \\$aBATCH-UPD$b00$c20160615$lBLL01$h1825

