=LDR  02393cam a2200601 a 4500
=001  013512257
=003  Uk
=005  20220331223840.0
=008  060508s2007\\\\enka\\\\\b\\\\001\0\eng\\
=010  \\$a2006017369
=015  \\$aGBA662815$2bnb
=016  7\$a013512257$2Uk
=020  \\$a9781405146265 (pbk.) :$c£39.95
=020  \\$a1405146265 (pbk.) :$c£39.95
=040  \\$aStDuBDS$beng$cStDuBDS$dUk
=042  \\$aukblsr
=082  00$a720.87$222
=100  1\$aSawyer, Ann,$d1954-
=245  14$aThe access manual :$bauditing and managing inclusive built environments /$cAnn Sawyer and Keith Bright.
=250  \\$a2nd ed.
=260  \\$aOxford :$bBlackwell,$c2007.
=300  \\$axi, 263 p., [4] p. of plates 9 :$bill. (some col.) ;$c25 cm.
=336  \\$atext$2rdacontent
=337  \\$aunmediated$2rdamedia
=338  \\$avolume$2rdacarrier
=500  \\$aFormerly CIP.$5Uk
=504  \\$aIncludes bibliographical references and index.
=540  \\$aCurrent Copyright Fee: GBP32.00$c0$5Uk
=650  \0$aBarrier-free design$zGreat Britain$vHandbooks, manuals, etc.
=650  \0$aArchitectural design$zGreat Britain$vHandbooks, manuals, etc.
=650  \0$aBuilding laws$zGreat Britain$vHandbooks, manuals, etc.
=700  1\$aBright, Keith.
=852  41$aBritish Library$bHMNTS
=852  41$aBritish Library$bDSC$jm06/.42249
=856  41$3Table of contents only$uhttp://www.loc.gov/catdir/toc/ecip0614/2006017369.html
=856  42$3Contributor biographical information$uhttp://www.loc.gov/catdir/enhancements/fy0802/2006017369-b.html
=856  42$3Publisher description$uhttp://www.loc.gov/catdir/enhancements/fy0802/2006017369-d.html
=BUF  \\$aN$d20061218
=CAT  \\$aBATCH-CIP$b00$c20060718$lBLL01$h1702
=CAT  \\$aBATCH$b00$c20060718$lBLL01$h1704
=CAT  \\$aBATCH$b00$c20060718$lBLL01$h1726
=CAT  \\$aBATCH$b00$c20061207$lBLL01$h1038
=CAT  \\$aBATCH$b00$c20061207$lBLL01$h1045
=CAT  \\$a6632$b40$c20061218$lBLL01$h1139
=CAT  \\$aBATCH-BUOC$b00$c20071101$lBLL01$h2159
=CAT  \\$a8962$b40$c20140402$lBLL01$h1029
=CAT  \\$aWR16_021$c20160615$lBLL01$h1806
=CAT  \\$aBATCH-CLAB$c20220330$lBLL01$h1540
=CAT  \\$aIPL-CLA$c20220331$lBLL01$h2238
=CFI  0\$aCurrent Copyright Fee: GBP32.00$c0$e01-apr-2022$fGBP32.00$g0$hC$5Uk
=FIN  \\$aY$d20061218
=FMT  \\$a  BK
=LAS  \\$aIPL-CLA$b00$c20220331$lBLL01$h2238

