=LDR  02357cam a2200649 a 4500
=001  013516817
=003  Uk
=005  20220331223843.0
=008  060717s2006\\\\enka\\\\\b\\\\001\0\eng\\
=010  \\$a  2006023591
=015  \\$aGBA664268$2bnb
=016  7\$a013516817$2Uk
=020  \\$a9780198570486 (pbk.) :$c£29.95
=020  \\$a0198570481 (pbk.) :$c£29.95
=020  \\$a9780199212934 (hbk.) :$c£69.50
=020  \\$a0199212937 (hbk.) :$c£69.50
=040  \\$aStDuBDS$beng$cStDuBDS$dUk
=042  \\$aukblsr
=050  00$aRC406.A24$bP352 2006
=082  00$a616.83$222
=245  00$aPalliative care in amyotrophic lateral sclerosis :$bfrom diagnosis to bereavement /$cedited by David Oliver, Gian Domenico Borasio, Declan Walsh.
=250  \\$a2nd ed.
=260  \\$aOxford :$bOxford University Press,$c2006.
=300  \\$ax, 352 p. :$bill. ;$c24 cm.
=336  \\$atext$2rdacontent
=337  \\$aunmediated$2rdamedia
=338  \\$avolume$2rdacarrier
=500  \\$aFormerly CIP.$5Uk
=504  \\$aIncludes bibliographical references and index.
=504  \\$aIncludes Web resources.
=540  \\$aCurrent Copyright Fee: GBP22.50$c0$5Uk
=650  \0$aAmyotrophic lateral sclerosis.
=650  \0$aPalliative treatment.
=650  12$aAmyotrophic Lateral Sclerosis$xtherapy.
=650  22$aPalliative Care.
=700  1\$aOliver, David,$cFRCGP.
=700  1\$aBorasio, Gian Domenico.
=700  1\$aWalsh, Declan.
=852  41$aBritish Library$bDSC$jm06/.39949
=852  \\$aBritish Library$bSTI
=856  41$3Table of contents only$uhttp://www.loc.gov/catdir/toc/ecip0617/2006023591.html
=BUF  \\$aN$d20061128
=CAT  \\$aBATCH-CIP$b00$c20060725$lBLL01$h1701
=CAT  \\$aBATCH$b00$c20060725$lBLL01$h1703
=CAT  \\$aBATCH$b00$c20060725$lBLL01$h1717
=CAT  \\$aBATCH$b00$c20061106$lBLL01$h1042
=CAT  \\$aBATCH$b00$c20061106$lBLL01$h1050
=CAT  \\$a9657$b40$c20061128$lBLL01$h1257
=CAT  \\$a11249$b40$c20061206$lBLL01$h1347
=CAT  \\$aBATCH-BUOC$b00$c20070329$lBLL01$h2137
=CAT  \\$aWR16_021$c20160615$lBLL01$h1806
=CAT  \\$aBATCH-CLAB$c20220330$lBLL01$h1714
=CAT  \\$aIPL-CLA$c20220331$lBLL01$h2238
=CFI  0\$aCurrent Copyright Fee: GBP22.50$c0$e01-apr-2022$fGBP22.50$g0$hC$5Uk
=FIN  \\$aY$d20061128
=FMT  \\$a  BK
=LAS  \\$aIPL-CLA$b00$c20220331$lBLL01$h2238

