=LDR  04549cam a2201021 a 4500
=001  013517193
=003  Uk
=005  20230302180136.0
=008  060509m20069999enka\\\\\b\\\\101\0\eng\\
=010  \\$a2006014485
=015  \\$aGBA664645$2bnb
=016  7\$a013517193$2Uk
=020  \\$a9780521871525 (cased) :$c£42.50
=020  \\$a0521871522 (cased) :$c£42.50
=020  \\$a9780521692083 (pbk.) :$c£15.95
=020  \\$a0521692083 (pbk.) :$c£15.95
=040  \\$aStDuBDS$beng$cStDuBDS$dUk
=042  \\$aukblsr
=050  00$aHB139$b.A35 2006
=082  00$a330$222
=110  2\$aEconometric Society.$bWorld Congress.$n(9th :$d2005 :$cLondon, England)
=245  10$aAdvances in economics and econometrics :$btheory and applications, ninth World Congress.$nvol 1 /$cedited by Richard Blundell, Whitney K. Newey, Torsten Persson.
=260  \\$aCambridge :$bCambridge University Press,$c2006.
=300  \\$av. <1> :$bill. ;$c24 cm.
=336  \\$atext$2rdacontent
=337  \\$aunmediated$2rdamedia
=338  \\$avolume$2rdacarrier
=490  0\$aEconometric Society monographs ;$vno. 41
=500  \\$aEdited versions of papers and a commentary presented at invited symposium sessions of the ninth World Congress of the Econometric Society, held in London in 2005.
=500  \\$aFormerly CIP.$5Uk
=504  \\$aIncludes bibliographical references and index.
=540  \\$aCurrent Copyright Fee: GBP22.50$c0$5Uk
=591  \\$aPapers. Based on those presented at the conference.
=650  \0$aEconometrics$vCongresses.
=650  \0$aEconomics$vCongresses.
=653  2\$aEconometric
=690  7\$aManagement and Business Studies$2blcoll
=700  1\$aBlundell, Richard.
=700  1\$aNewey, Whitney K.
=700  1\$aPersson, Torsten.
=852  41$aBritish Library$bDSC$j3650.085000$iv. 41
=852  \\$aBritish Library$bHMNTS
=856  41$3Table of contents only$uhttp://www.loc.gov/catdir/toc/ecip0613/2006014485.html
=856  42$3Publisher description$uhttp://www.loc.gov/catdir/enhancements/fy0665/2006014485-d.html
=945  \\$aEconometric Society monographs ; vol 41 2006
=ACF  \\$aPrevious Copyright Fee: GBP12.30$c0$e01-jan-2014$fGBP12.30$g0$hA$5Uk
=ACF  \\$aPrevious Copyright Fee: GBP31.03$c0$e01-apr-2016$fGBP31.03$g0$hC$5Uk
=ACF  \\$aPrevious Copyright Fee: GBP33.33$c0$e01-oct-2016$fGBP33.33$g0$hC$5Uk
=ACF  \\$aPrevious Copyright Fee: GBP36.00$c0$e01-apr-2017$fGBP36.00$g0$hC$5Uk
=ACF  \\$aPrevious Copyright Fee: GBP34.20$c0$e01-oct-2017$fGBP34.20$g0$hC$5Uk
=ACF  \\$aPrevious Copyright Fee: GBP34.62$c0$e01-jan-2018$fGBP34.62$g0$hC$5Uk
=ACF  \\$aPrevious Copyright Fee: GBP32.14$c0$e01-apr-2018$fGBP32.14$g0$hC$5Uk
=ACF  \\$aPrevious Copyright Fee: GBP34.62$c0$e01-oct-2018$fGBP34.62$g0$hC$5Uk
=ACF  \\$aPrevious Copyright Fee: GBP10.00$c0$e01-jan-2019$fGBP10.00$g0$hC$5Uk
=BUF  \\$aN$d20070118
=CAT  \\$aBATCH-CIP$b00$c20060725$lBLL01$h1701
=CAT  \\$aBATCH-CLA$b00$c20140102$lBLL01$h0316
=CAT  \\$aBATCH-CLA$b00$c20150928$lBLL01$h1723
=CAT  \\$aIPL-CLA$c20150930$lBLL01$h1813
=CAT  \\$aBATCH-CLA$b00$c20160325$lBLL01$h0910
=CAT  \\$aIPL-CLA$c20160331$lBLL01$h1735
=CAT  \\$aWR16_021$c20160615$lBLL01$h1807
=CAT  \\$aBATCH-CLA$b00$c20160616$lBLL01$h0139
=CAT  \\$aBATCH-CLA$b00$c20160926$lBLL01$h1709
=CAT  \\$aIPL-CLA$c20160930$lBLL01$h1609
=CAT  \\$aBATCH-CLA$b00$c20170321$lBLL01$h1728
=CAT  \\$aIPL-CLA$c20170331$lBLL01$h1849
=CAT  \\$aBATCH-CLA$b00$c20170921$lBLL01$h1814
=CAT  \\$aIPL-CLA$c20170929$lBLL01$h1734
=CAT  \\$aBATCH-CLA$b00$c20171221$lBLL01$h1233
=CAT  \\$aIPL-CLA$c20171231$lBLL01$h1656
=CAT  \\$aBATCH-CLA$b00$c20180319$lBLL01$h1740
=CAT  \\$aIPL-CLA$c20180331$lBLL01$h1625
=CAT  \\$aBATCH-CLA$b00$c20180920$lBLL01$h1613
=CAT  \\$aIPL-CLA$c20180930$lBLL01$h1504
=CAT  \\$aBATCH-CLA$b00$c20181221$lBLL01$h1531
=CAT  \\$aIPL-CLA$c20181231$lBLL01$h1544
=CAT  \\$aBATCH-CLA$b00$c20210328$lBLL01$h1254
=CAT  \\$aIPL-CLA$c20210331$lBLL01$h1845
=CAT  \\$aBATCH-CLA$b00$c20221206$lBLL01$h1633
=CAT  \\$aIPL-CLA$c20221231$lBLL01$h2125
=CAT  \\$aBATCH-CLA$b00$c20230302$lBLL01$h1801
=CFI  0\$aCurrent Copyright Fee: GBP22.50$c0$e09-feb-2023$fGBP22.50$g0$hC$5Uk
=CNF  \\$aEconometric Society (World congress)$n(9th :$d2005 Aug :$cLondon)
=FIN  \\$aY$d20070118
=FMT  \\$a  BK
=LAS  \\$aBATCH-CLA$b00$c20230302$lBLL01$h1801
=TCO  \\$aCLA$bCLA$c008

