=LDR  01581cam a22004454a 4500
=001  013530524
=003  Uk
=005  20060830142525.0
=008  060522s2006\\\\it\\\\\\\b\\\\000\0dita\d
=010  \\$a2006385829
=020  \\$a8879572482 :$c10.00 EUR
=035  \\$a(ItFiC)it 06142532
=040  \\$aItFiC$cItFiC$dDLC
=043  \\$ae-it---
=050  00$aPQ4733.T7$bZ64 2006
=100  1\$aGrazzini, Sara.
=245  13$aLa marchesa Colombi e il femminismo "tormentoso e incerto" /$cSara Grazzini.
=260  \\$aFirenze :$bCentro editoriale toscano,$c2006.
=300  \\$a78 p. ;$c21 cm.
=336  \\$atext$2rdacontent
=337  \\$aunmediated$2rdamedia
=338  \\$avolume$2rdacarrier
=490  1\$aIl lungo Risorgimento delle donne ;$v5
=504  \\$aIncludes bibliographical references.
=600  10$aColombi,$cmarchesa,$d1840-1920$xCriticism and interpretation.
=650  \0$aItalian literature$xWomen authors$xHistory and criticism.
=650  \0$aWomen and literature$zItaly.
=830  \3$aIl lungo Risorgimento delle donne ;$v5
=852  41$aBritish Library$bHMNTS$jYF.2006.a.28208
=852  \\$aBritish Library$bHMNTS
=856  41$3Table of contents$uhttp://www.loc.gov/catdir/toc/casalini03/06142532.pdf
=CAT  \\$a6191$b40$c20060814$lBLL01$h1609
=CAT  \\$a10926$b40$c20060830$lBLL01$h1425
=CAT  \\$aBATCH$b00$c20091217$lBLL01$h0428
=CAT  \\$aBATCH$b00$c20100103$lBLL01$h1222
=CAT  \\$aW2308-1659$c20230923$lBLL01$h0925
=FIN  \\$aY$d20060830
=FMT  \\$a  BK
=LAS  \\$aW2308-1659$b00$c20230923$lBLL01$h0925
=SID  \\$aZ39$bLOC

