=LDR  02403cam a2200637 a 4500
=001  013537954
=003  Uk
=005  20221231212601.0
=008  060601s2006\\\\ctuaf\\\\b\\\\001\0\eng\\
=010  \\$a  2006018108
=015  \\$aGBA673046$2bnb
=016  7\$a013537954$2Uk
=020  \\$a0275988074 (hbk.) :$c£28.99
=040  \\$aStDuBDS$beng$cStDuBDS$dUk
=042  \\$aukblsr
=043  \\$an-us---
=050  00$aPN1992.8.D48$bS63 2006
=082  00$a791.45655$222
=100  1\$aSnauffer, Douglas.
=245  10$aCrime television /$cDouglas Snauffer.
=260  \\$aWestport, Conn. :$bPraeger ;$aOxford :$bHarcourt Education [distributor],$c2006.
=300  \\$ax, 260 p., [6] p. of plates :$bill. ;$c25 cm.
=336  \\$atext$2rdacontent
=337  \\$aunmediated$2rdamedia
=338  \\$avolume$2rdacarrier
=490  1\$aThe Praeger television collection
=500  \\$aFormerly CIP.$5Uk
=504  \\$aIncludes bibliographical references and index.
=540  \\$aCurrent Copyright Fee: GBP30.00$c0$5Uk
=650  \0$aDetective and mystery television programs$zUnited States$xHistory and criticism.
=650  \0$aCrime on television.
=830  \0$aPraeger television collection.
=852  41$aBritish Library$bHMNTS
=852  41$aBritish Library$bDSC$jm06/.39272
=856  41$3Table of contents only$uhttp://www.loc.gov/catdir/toc/ecip0614/2006018108.html
=BUF  \\$aN$d20061121
=CAT  \\$aBATCH-CIP$b00$c20060822$lBLL01$h1702
=CAT  \\$aBATCH$b00$c20060822$lBLL01$h1703
=CAT  \\$aBATCH$b00$c20060822$lBLL01$h1715
=CAT  \\$aBATCH$b00$c20061026$lBLL01$h1040
=CAT  \\$aBATCH$b00$c20061026$lBLL01$h1043
=CAT  \\$a6605$b40$c20061121$lBLL01$h1055
=CAT  \\$aBATCH-BUOC$b00$c20070118$lBLL01$h2137
=CAT  \\$aBATCH$b00$c20091217$lBLL01$h0429
=CAT  \\$aBATCH$b00$c20100103$lBLL01$h1223
=CAT  \\$aBATCH-UPD$b00$c20151230$lBLL01$h1800
=CAT  \\$aWR16_021$c20160615$lBLL01$h1811
=CAT  \\$aBATCH-CLAB$c20220330$lBLL01$h1740
=CAT  \\$aIPL-CLA$c20220331$lBLL01$h2239
=CAT  \\$aBATCH-CLAB$c20221217$lBLL01$h1740
=CAT  \\$aIPL-CLA$c20221231$lBLL01$h2126
=CFI  0\$aCurrent Copyright Fee: GBP30.00$c0$e01-jan-2023$fGBP30.00$g0$hC$5Uk
=CFI  2\$aBritish Library not licensed to copy$c0$e01-apr-2022$hC$iCFP Excluded$5Uk
=FIN  \\$aY$d20061121
=FMT  \\$a  BK
=LAS  \\$aIPL-CLA$b00$c20221231$lBLL01$h2126

