=LDR  02463cam a2200637 a 4500
=001  013541927
=003  Uk
=005  20220331223927.0
=008  060626s2007\\\\caua\\\\\b\\\\001\0\eng\\
=010  \\$a  2006020996
=015  \\$aGBA674800$2bnb
=016  7\$a013541927$2Uk
=020  \\$a9780787979133 (hbk.) :$c£18.99
=020  \\$a0787979139 (hbk.) :$c£18.99
=040  \\$aStDuBDS$beng$cStDuBDS$dUk
=042  \\$aukblsr
=050  00$aHD57.7$b.J649 2007
=082  00$a658.4092$222
=100  1\$aJoiner, Bill,$d1950-
=245  10$aLeadership agility :$bfive levels of mastery for anticipating and initiating change /$cBill Joiner, Stephen Josephs.
=250  \\$a1st ed.
=260  \\$aSan Francisco, Calif. :$bJossey-Bass ;$aChichester :$bJohn Wiley [distributor],$c2007.
=300  \\$axiii, 322 p. :$bill. ;$c24 cm.
=336  \\$atext$2rdacontent
=337  \\$aunmediated$2rdamedia
=338  \\$avolume$2rdacarrier
=500  \\$aFormerly CIP.$5Uk
=504  \\$aIncludes bibliographical references (p. 295-305) and index.
=540  \\$aCurrent Copyright Fee: GBP32.00$c0$5Uk
=650  \0$aLeadership$xPsychological aspects.
=650  \0$aOrganizational change$xPsychological aspects.
=650  \0$aMaturation (Psychology)
=650  \0$aLeadership$xPsychological aspects$vCase studies.
=650  \0$aOrganizational change$xPsychological aspects$vCase studies.
=650  \0$aMaturation (Psychology)$vCase studies.
=690  7\$aManagement and Business Studies$2blcoll
=700  1\$aJosephs, Stephen,$d1945-
=852  41$aBritish Library$bHMNTS$jYC.2011.a.15089
=852  \\$aBritish Library$bDSC
=856  41$3Table of contents only$uhttp://www.loc.gov/catdir/toc/ecip0616/2006020996.html
=BUF  \\$aN$d20070206
=CAT  \\$aBATCH-CIP$b00$c20060829$lBLL01$h1701
=CAT  \\$aBATCH$b00$c20060829$lBLL01$h1703
=CAT  \\$aBATCH$b00$c20060829$lBLL01$h1714
=CAT  \\$aBATCH$b00$c20061026$lBLL01$h1040
=CAT  \\$aBATCH$b00$c20061026$lBLL01$h1043
=CAT  \\$a11029$b40$c20070206$lBLL01$h1152
=CAT  \\$aBATCH-BUOC$b00$c20070208$lBLL01$h2138
=CAT  \\$aBATCH$b00$c20090624$lBLL01$h1717
=CAT  \\$aWR16_021$c20160615$lBLL01$h1812
=CAT  \\$aBATCH-CLAB$c20220330$lBLL01$h1557
=CAT  \\$aIPL-CLA$c20220331$lBLL01$h2239
=CFI  0\$aCurrent Copyright Fee: GBP32.00$c0$e01-apr-2022$fGBP32.00$g0$hC$5Uk
=FIN  \\$aY$d20070206
=FMT  \\$a  BK
=LAS  \\$aIPL-CLA$b00$c20220331$lBLL01$h2239

