=LDR  02200aam a2200613 a 4500
=001  013542290
=003  Uk
=005  20070719213447.0
=008  060623s2006\\\\cau\\\\\\b\\\\000\0\eng\\
=010  \\$a  2006021114
=015  \\$aGBA675163$2bnb
=016  7\$a013542290$2Uk
=020  \\$a9781580051828 (pbk.) :$c£8.99
=020  \\$a1580051820 (pbk.) :$c£8.99
=040  \\$aStDuBDS$beng$cStDuBDS$dUk
=042  \\$aukblsr
=043  \\$an-us---
=050  00$aHQ1111$b.W4 2006
=082  00$a305.420973$222
=245  00$aWe don't need another wave :$bdispatches from the next generation of feminists /$cedited by Melody Berger.
=246  3\$aWe do not need another wave
=260  \\$aSeattle, Wash. :$bSeal ;$aEnfield :$bPublishers Group UK [distributor],$c2006.
=300  \\$a319 p. ;$c23 cm.
=336  \\$atext$2rdacontent
=337  \\$aunmediated$2rdamedia
=338  \\$avolume$2rdacarrier
=500  \\$aFormerly CIP.$5Uk
=504  \\$aIncludes bibliographical references (p. 302-306).
=650  \0$aFeminism.
=650  \0$aFeminists.
=650  \0$aFeminism$zUnited States.
=650  \0$aFeminists$zUnited States.
=690  7\$aSocial Welfare$2blcoll
=700  1\$aBerger, Melody.
=852  41$aBritish Library$bHMNTS$jYC.2007.a.10124
=852  \\$aBritish Library$bDSC
=856  41$3Table of contents only$uhttp://www.loc.gov/catdir/toc/ecip0617/2006021114.html
=856  42$3Publisher description$uhttp://www.loc.gov/catdir/enhancements/fy0712/2006021114-d.html
=BUF  \\$aN$d20070711
=CAT  \\$aBATCH-CIP$b00$c20060829$lBLL01$h1702
=CAT  \\$aBATCH$b00$c20060829$lBLL01$h1703
=CAT  \\$aBATCH$b00$c20060829$lBLL01$h1715
=CAT  \\$aBATCH$b00$c20061026$lBLL01$h1040
=CAT  \\$aBATCH$b00$c20061026$lBLL01$h1043
=CAT  \\$a8479$b40$c20070711$lBLL01$h1109
=CAT  \\$a8479$b40$c20070711$lBLL01$h1110
=CAT  \\$a8479$b40$c20070711$lBLL01$h1111
=CAT  \\$aBATCH-BUOC$b00$c20070719$lBLL01$h2134
=CAT  \\$aBATCH$b00$c20110625$lBLL01$h0523
=CAT  \\$aBATCH-SWP4$c20110627$lBLL01$h1606
=CAT  \\$aWR16_021$c20160615$lBLL01$h1812
=FIN  \\$aY$d20070711
=FMT  \\$a  BK
=LAS  \\$aWR16_021$b00$c20160615$lBLL01$h1812

