=LDR  02010aam a2200529 a 4500
=001  013547220
=003  Uk
=005  20080515214527.0
=008  060711s2006\\\\enk\\\\\\b\\\\001\0\eng\\
=010  \\$a  2006044780
=015  \\$aGBA676476$2bnb
=016  7\$a013547220$2Uk
=020  \\$a9781403974464 (cased) :$c£40.00
=020  \\$a1403974462 (cased) :$c£40.00
=040  \\$aStDuBDS$beng$cStDuBDS$dUk
=042  \\$aukblsr
=082  00$a809$222
=245  00$aOther renaissances :$ba new approach to world literature /$cedited by Brenda Deen Schildgen, Zhou Gang and Sander L. Gilman.
=260  \\$aBasingstoke :$bPalgrave Macmillan,$c2006.
=300  \\$axvi, 305p. ;$c24 cm.
=336  \\$atext$2rdacontent
=337  \\$aunmediated$2rdamedia
=338  \\$avolume$2rdacarrier
=500  \\$aFormerly CIP.$5Uk
=504  \\$aIncludes bibliographical references and index.
=650  \0$aLiterature$xHistory and criticism.
=700  1\$aSchildgen, Brenda Deen,$d1942-
=700  1\$aZhou, Gang,$d1966-
=700  1\$aGilman, Sander L.
=852  41$aBritish Library$bHMNTS
=852  41$aBritish Library$bDSC$jm07/.25374
=856  42$3Contributor biographical information$uhttp://www.loc.gov/catdir/enhancements/fy0659/2006044780-b.html
=856  42$3Publisher description$uhttp://www.loc.gov/catdir/enhancements/fy0659/2006044780-d.html
=856  41$3Table of contents$uhttp://www.loc.gov/catdir/enhancements/fy0659/2006044780-t.html
=BUF  \\$aN$d20070619
=CAT  \\$aBATCH-CIP$b00$c20060905$lBLL01$h1701
=CAT  \\$aBATCH$b00$c20060905$lBLL01$h1703
=CAT  \\$aBATCH$b00$c20060905$lBLL01$h1715
=CAT  \\$aBATCH$b00$c20061106$lBLL01$h1043
=CAT  \\$aBATCH$b00$c20061106$lBLL01$h1050
=CAT  \\$a10904$b40$c20070619$lBLL01$h0911
=CAT  \\$a12323$b40$c20070927$lBLL01$h1523
=CAT  \\$aBATCH-BUOC$b00$c20080515$lBLL01$h2145
=CAT  \\$aWR16_021$c20160615$lBLL01$h1813
=FIN  \\$aY$d20070619
=FMT  \\$a  BK
=LAS  \\$aWR16_021$b00$c20160615$lBLL01$h1813

