=LDR  03788aam a2200601 a 4500
=001  013547443
=003  Uk
=005  20070524213445.0
=008  060919s2006\\\\cau\\\\\\b\\\\000\0\eng\\
=010  \\$a  2006030694
=015  \\$aGBA676699$2bnb
=016  7\$a013547443$2Uk
=020  \\$a9781580051842 (pbk.) :$c£8.99
=020  \\$a1580051847 (pbk.) :$c£8.99
=040  \\$aStDuBDS$beng$cStDuBDS$dUk
=042  \\$aukblsr
=050  00$aHQ77.9$b.N635 2006
=082  00$a306.76$222
=245  00$aNobody passes :$brejecting the rules of gender and conformity /$cedited by Mattilda, a.k.a. Matt Bernstein Sycamore.
=260  \\$aSeattle, Wash. :$bSeal ;$aEnfield :$bPublishers Group UK [distributor],$cc2006.
=300  \\$a354 p. ;$c23 cm.
=336  \\$atext$2rdacontent
=337  \\$aunmediated$2rdamedia
=338  \\$avolume$2rdacarrier
=500  \\$aFormerly CIP.$5Uk
=504  \\$aIncludes bibliographical references (p. 336-341).
=505  0\$aReaching too far : an introduction / Mattilda, a.k.a. Matt Bernstein Sycamore -- All mixed up with no place to go : inhabiting mixed consciousness on the margins / Nico Dacumos -- Friction burn : a nonfiction admission / Stacey May Fowles -- Who's that wavin' that flag? : on the signs, stories, and strategies of the current immigrant rights movement / Jessica Hoffmann -- Undermining gender regulation / Dean Spade -- Passing last summer / Dominika Bednarska -- Innocent victims and brave new laws : state protection and the battered women's movement / Priya Kandaswamy -- Different types of hunger : finding my way through generations of Okie migration / Roxanne Dunbar-Ortiz -- What I learned from being G minus in the world of homohop commerce / Ralowe T. Ampu -- No longer just American / Stephanie Abraham -- The end of genderqueer / Rocko Bulldagger -- My kind of cruising / Liz Rosenfeld -- Pino's father / Tommi Avicolli Mecca -- Trans-portation / Terre Thaemlitz -- Melchizedek's three rings / Carole McDonnell -- Behind these mascaraed eyes : passing life in prison / Nikki Lee Diamond -- Race haunted, otherwise / Eric Stanley -- Why Mahmud can't be a pilot / Naeem Mohaiemen -- F2mestizo / Logan Gutierrez-Mock -- Persephone / Helen Boyd -- Hat / Tucker Lieberman -- "And then you cut your hair" : genderfucking on the femme side of the spectrum / Amy André and sandy Chang -- Surface tensions / Jen Cross -- Origins / Kirk Read -- Lack of close friends or confidants / Jennifer Blowdryer -- From hot pink to code pink : notes on passing for monolingual folk / Irina Contreras -- Not quite queer / Benjamin Shepard.
=650  \0$aTranssexualism.
=650  \0$aSexual minorities.
=650  \0$aGender identity.
=650  \0$aPassing (Identity)
=650  \0$aSocial norms.
=690  7\$aSocial Welfare$2blcoll
=700  1\$aSycamore, Mattilda Bernstein.
=852  41$aBritish Library$bHMNTS$jYC.2007.a.7510
=852  41$aBritish Library$bDSC
=856  41$3Table of contents only$uhttp://www.loc.gov/catdir/toc/ecip071/2006030694.html
=856  42$3Publisher description$uhttp://www.loc.gov/catdir/enhancements/fy0712/2006030694-d.html
=BUF  \\$aN$d20070517
=CAT  \\$aBATCH-CIP$b00$c20060905$lBLL01$h1701
=CAT  \\$aBATCH$b00$c20060905$lBLL01$h1703
=CAT  \\$aBATCH$b00$c20060905$lBLL01$h1715
=CAT  \\$aBATCH$b00$c20061214$lBLL01$h1019
=CAT  \\$aBATCH$b00$c20061214$lBLL01$h1021
=CAT  \\$a11168$b40$c20070517$lBLL01$h1328
=CAT  \\$aBATCH-BUOC$b00$c20070524$lBLL01$h2134
=CAT  \\$aBATCH-UPD$b00$c20080505$lBLL01$h2037
=CAT  \\$aBATCH$b00$c20110625$lBLL01$h0523
=CAT  \\$aBATCH-SWP4$c20110627$lBLL01$h1606
=CAT  \\$aWR16_021$c20160615$lBLL01$h1814
=FIN  \\$aY$d20070517
=FMT  \\$a  BK
=LAS  \\$aWR16_021$b00$c20160615$lBLL01$h1814

