=LDR  03031aam a2200541 a 4500
=001  013552115
=003  Uk
=005  20070426213632.0
=008  060314s2006\\\\inuabfg\\b\\\s001\0\eng\\
=010  \\$a  2006008084
=015  \\$aGBA678148$2bnb
=016  7\$a013552115$2Uk
=020  \\$a9780253347985 (hbk.) :$c£21.00
=020  \\$a025334798X (hbk.) :$c£21.00
=040  \\$aStDuBDS$beng$cStDuBDS$dUk
=042  \\$aukblsr
=050  00$aML193$b.W67 2006
=082  00$a780.9032$222
=245  04$aThe world of baroque music :$bnew perspectives /$cedited by George B. Stauffer.
=260  \\$aBloomington, Ind. :$bIndiana University Press ;$aChesham :$bCombined Academic [distributor],$c2006.
=300  \\$ax, 293 p., [16] p. of plates :$bill., col. map, music ;$c26 cm. +$e2 sound discs (digital ; 4 3/4 in.)
=336  \\$atext$2rdacontent
=337  \\$aunmediated$2rdamedia
=338  \\$avolume$2rdacarrier
=500  \\$aFormerly CIP.$5Uk
=500  \\$aLC copy imperfect: accompanying sound discs wanting.$5DLC
=504  \\$aIncludes bibliographical references and index.
=505  0\$aSongs of Shakespeare's England / Craig Monson -- Love's new voice : Italian monodic song / Barbara Russano Hanning -- The rise of Italian chamber music / Mary Oleskiewicz -- Music for church and community : Buxtehude in Lübeck / Kerala J. Snyder -- The arts and royal extravagance : music at the French court / George B. Stauffer -- The songs of Solomon (Rossi) as the search for history / Michael Beckerman -- Usurping the place of the muses : Barbara Strozzi and the female composer in seventeenth-century Italy / Wendy Heller -- The baroque guitar : players, paintings, patrons, and the public / Victor Coelho -- Seventeenth-century keyboard music in northern Europe : Germany, Austria, and the Netherlands / David Schulenberg -- Bach and the bounds of originality / George B. Stauffer -- Bach's St. John Passion : can we really still hear the work-- and which one? / Daniel R. Melamed -- Music in the "New World" : the baroque in Mexico and Brazil / Gerard Béhague.
=650  \0$aMusic$y17th century$xHistory and criticism.
=650  \0$aMusic$y18th century$xHistory and criticism.
=700  1\$aStauffer, George B.,$d1947-
=852  41$aBritish Library$bDSC$jVm07/.50013
=852  41$aBritish Library$bHMNTS$jEMC.2007.b.129
=852  41$aBritish Library$bDSC
=856  41$3Table of contents only$uhttp://www.loc.gov/catdir/toc/ecip0610/2006008084.html
=BUF  \\$aN$d20070105
=CAT  \\$aBATCH-CIP$b00$c20060912$lBLL01$h1701
=CAT  \\$aBATCH$b00$c20060912$lBLL01$h1703
=CAT  \\$aBATCH$b00$c20060912$lBLL01$h1714
=CAT  \\$aBATCH$b00$c20061130$lBLL01$h1051
=CAT  \\$aBATCH$b00$c20061130$lBLL01$h1053
=CAT  \\$a10883$b40$c20070105$lBLL01$h1315
=CAT  \\$a12327$b40$c20070423$lBLL01$h0940
=CAT  \\$aBATCH-BUOC$b00$c20070426$lBLL01$h2136
=CAT  \\$aWR16_021$c20160615$lBLL01$h1814
=FIN  \\$aY$d20070105
=FMT  \\$a  BK
=LAS  \\$aWR16_021$b00$c20160615$lBLL01$h1814

