=LDR  03269cam a2200829 a 4500
=001  013552565
=003  Uk
=005  20230908012001.0
=008  070327s2007\\\\enk\\\\\\b\\\\001\0\eng\\
=010  \\$a  2007295323
=015  \\$aGBA678598$2bnb
=016  7\$a013552565$2Uk
=020  \\$a9780521863209 (hbk.) :$c£45.00
=020  \\$a0521863201 (hbk.) :$c£45.00
=040  \\$aStDuBDS$beng$cStDuBDS$dUk
=042  \\$aukblsr
=050  00$aQA372$b.A44 2007
=082  04$a515.3533$222
=100  1\$aAmbrosetti, A.$q(Antonio)
=245  10$aNonlinear analysis and semilinear elliptic problems /$cAntonio Ambrosetti, Andrea Malchiodi.
=260  \\$aCambridge :$bCambridge University Press,$c2007.
=300  \\$axi, 316 p. ;$c24 cm.
=336  \\$atext$2rdacontent
=337  \\$aunmediated$2rdamedia
=338  \\$avolume$2rdacarrier
=490  1\$aCambridge studies in advanced mathematics ;$v104
=500  \\$aFormerly CIP.$5Uk
=504  \\$aIncludes bibliographical references (p. 309-314) and index.
=540  \\$aCurrent Copyright Fee: GBP22.50$c0$5Uk
=650  \0$aNonlinear theories.
=650  \0$aDifferential equations, Elliptic.
=700  1\$aMalchiodi, Andrea.
=830  \0$aCambridge studies in advanced mathematics ;$v104.
=852  11$aBritish Library$bSTI$k(B)$h515.3533$i104
=852  41$aBritish Library$bDSC$j3015.991500$iv. 104
=852  \\$aBritish Library$bDSC
=856  42$3Publisher description$uhttp://www.loc.gov/catdir/enhancements/fy0713/2007295323-d.html
=856  41$3Table of contents only$uhttp://www.loc.gov/catdir/enhancements/fy0713/2007295323-t.html
=BUF  \\$aN$d20070725
=CAT  \\$aBATCH-CIP$b00$c20060912$lBLL01$h1701
=CAT  \\$a8479$b40$c20070725$lBLL01$h0930
=CAT  \\$aBATCH-BUOC$b00$c20070803$lBLL01$h0954
=CAT  \\$aBATCH$b00$c20091217$lBLL01$h0431
=CAT  \\$aBATCH$b00$c20100103$lBLL01$h1225
=CAT  \\$aBATCH-UPD$b00$c20101009$lBLL01$h0327
=CAT  \\$aBATCH-CLA$b00$c20150314$lBLL01$h0049
=CAT  \\$aBATCH-UPD$b00$c20150314$lBLL01$h0118
=CAT  \\$aWR16_021$c20160615$lBLL01$h1815
=CAT  \\$aBATCH-UPD$b00$c20170505$lBLL01$h2049
=CAT  \\$aBATCH-CLA$b00$c20170506$lBLL01$h0112
=CAT  \\$aBATCH-CLA$b00$c20210328$lBLL01$h1313
=CAT  \\$aIPL-CLA$c20210331$lBLL01$h1846
=CAT  \\$aBATCH-CLAB$c20220330$lBLL01$h1639
=CAT  \\$aBATCH-CLA$b00$c20220331$lBLL01$h0134
=CAT  \\$aBATCH-CLAB$c20220627$lBLL01$h2055
=CAT  \\$aBATCH-CLA$b00$c20220628$lBLL01$h0115
=CAT  \\$aBATCH-CLAB$c20220908$lBLL01$h1331
=CAT  \\$aBATCH-CLA$b00$c20220909$lBLL01$h0129
=CAT  \\$aBATCH-CLA$b00$c20221206$lBLL01$h1716
=CAT  \\$aIPL-CLA$c20221231$lBLL01$h2126
=CAT  \\$aBATCH-CLA$b00$c20230302$lBLL01$h1801
=CAT  \\$aBATCH-CLAB$c20230324$lBLL01$h1337
=CAT  \\$aBATCH-CLA$b00$c20230325$lBLL01$h0129
=CAT  \\$aBATCH-CLAB$c20230601$lBLL01$h1232
=CAT  \\$aBATCH-CLA$b00$c20230602$lBLL01$h0118
=CAT  \\$aBATCH-CLAB$c20230907$lBLL01$h1715
=CAT  \\$aBATCH-CLA$b00$c20230908$lBLL01$h0120
=CFI  0\$aCurrent Copyright Fee: GBP22.50$c0$e09-feb-2023$fGBP22.50$g0$hC$5Uk
=FIN  \\$aY$d20070206
=FMT  \\$a  BK
=LAS  \\$aBATCH-CLA$b00$c20230908$lBLL01$h0120
=TCO  \\$aCLA$bCLA$c008

