=LDR  02578 am a2200541 a 4500
=001  013554082
=003  Uk
=005  20070404092517.0
=008  051118s2006\\\\mdua\\\\\b\\\\001\0beng\\
=010  \\$a  2005033961
=015  \\$aGBA6A1754$2bnb
=016  7\$a013554082$2Uk
=020  \\$a0801884179 :$cNo price
=020  \\$a0801884187 (pbk.) :$cNo price
=035  \\$a(OCoLC)ocm62326827
=040  \\$aDLC$cDLC$dDLC$dUk
=042  \\$aukblsr
=050  00$aRC263$b.C64 2006
=082  00$a616.994$222
=100  1\$aColeman, C. Norman.
=245  10$aUnderstanding cancer :$ba patient's guide to diagnosis, prognosis, and treatment /$cC. Norman Coleman.
=250  \\$a2nd ed.
=260  \\$aBaltimore, Md. :$bJohns Hopkins University Press,$c2006.
=300  \\$axvii, 206 p. :$bill. ;$c23 cm.
=336  \\$atext$2rdacontent
=337  \\$aunmediated$2rdamedia
=338  \\$avolume$2rdacarrier
=504  \\$aIncludes bibliographical references (p. [197]) and index.
=505  0\$aForeword -- Preface -- Introduction -- Diagnosis and treatment: what you can expect -- Cancer: where does it come from? -- Diagnostic tests and staging studies: gathering information -- Making decisions about treatment: how success is measured -- Weighing the long-term risks and benefits of treatment -- Conventional treatments: an overview -- Molecular targeted therapy -- Clinical research trials: what they're all about -- Clinical case studies: four patient stories -- Afterword -- Appendix A. cancer molecular biology -- Appendix B. analyzing cost-effectiveness -- Appendix C. patient's checklist.
=650  \0$aCancer$vPopular works.
=650  \2$aNeoplasms$vpopular works.
=650  \2$aNeoplasms$xtherapy$vpopular works.
=852  41$aBritish Library$bDSC
=852  41$aBritish Library$bHMNTS$jYK.2006.a.18972
=856  41$3Table of contents only$uhttp://www.loc.gov/catdir/toc/ecip063/2005033961.html
=856  42$3Contributor biographical information$uhttp://www.loc.gov/catdir/enhancements/fy0664/2005033961-b.html
=856  42$3Publisher description$uhttp://www.loc.gov/catdir/enhancements/fy0664/2005033961-d.html
=CAT  \\$aBATCH-APP$b00$c20060914$lBLL01$h0804
=CAT  \\$aBATCH$b00$c20060914$lBLL01$h0805
=CAT  \\$aBATCH$b00$c20060914$lBLL01$h0807
=CAT  \\$a9523$b40$c20061201$lBLL01$h0923
=CAT  \\$a7732$b40$c20061205$lBLL01$h0923
=CAT  \\$a11249$b40$c20070404$lBLL01$h0925
=CAT  \\$aWR16_021$c20160615$lBLL01$h1815
=FIN  \\$aY$d20061205
=FMT  \\$a  BK
=LAS  \\$aWR16_021$b00$c20160615$lBLL01$h1815
=SRC  \\$aBLL02

