=LDR  01879 am a2200529 a 4500
=001  013586124
=003  Uk
=005  20070222223509.0
=008  060629s2006\\\\miuabf\\\b\\\s000\0\eng\\
=010  \\$a  2006021614
=015  \\$aGBA713440$2bnb
=016  7\$a013586124$2Uk
=020  \\$a9780870137839 (pbk.) :$cNo price
=020  \\$a0870137832 (pbk.) :$cNo price
=035  \\$a(OCoLC)ocm70230722
=035  \\$a(OCoLC)70230722
=040  \\$aDLC$cDLC$dBAKER$dC#P$dBTCTA$dYDXCP$dDLC$dUk
=042  \\$aukblsr
=043  \\$anl-----
=050  00$aG520.C2958$bK36 2006
=082  00$a917.7404$222
=100  1\$aKantar, Andrew.
=245  10$aBlack November :$bthe Carl D. Bradley tragedy /$cAndrew Kantar.
=260  \\$aEast Lansing :$bMichigan State University Press,$cc2006.
=300  \\$ax, 69 p., [12] p. of plates :$bill., map ;$c23 cm.
=336  \\$atext$2rdacontent
=337  \\$aunmediated$2rdamedia
=338  \\$avolume$2rdacarrier
=504  \\$aIncludes bibliographical references (p. 66-69).
=610  20$aCarl D. Bradley (Ship)
=650  \0$aShipwrecks$zMichigan, Lake.
=650  \0$aSurvival after airplane accidents, shipwrecks, etc.$zMichigan, Lake.
=852  \\$aBritish Library$bDSC
=852  41$aBritish Library$bHMNTS$jYK.2007.a.2381
=856  41$3Table of contents only$uhttp://www.loc.gov/catdir/toc/ecip0616/2006021614.html
=BUF  \\$aN3$d20070219
=CAT  \\$aBATCH-APP$b00$c20061026$lBLL01$h1039
=CAT  \\$aBATCH$b00$c20061026$lBLL01$h1040
=CAT  \\$aBATCH$b00$c20061026$lBLL01$h1043
=CAT  \\$a12327$b40$c20070215$lBLL01$h1214
=CAT  \\$a9657$b40$c20070219$lBLL01$h1122
=CAT  \\$aBATCH-BUOC$b00$c20070222$lBLL01$h2235
=CAT  \\$aBATCH-UPD$b00$c20090813$lBLL01$h2141
=CAT  \\$aWR16_021$c20160616$lBLL01$h1806
=FIN  \\$aY$d20070219
=FMT  \\$a  BK
=LAS  \\$aWR16_021$b00$c20160616$lBLL01$h1806

