=LDR  02364cam a2200613 a 4500
=001  013597873
=003  Uk
=005  20221231212918.0
=008  060629s2006\\\\ctuaf\\\\b\\\\001\0\eng\\
=010  \\$a  2006021461
=015  \\$aGBA699568$2bnb
=016  7\$a013597873$2Uk
=020  \\$a0275991342 :$cNo price
=035  \\$a(OCoLC)ocm70232310
=035  \\$a(OCoLC)70232310
=040  \\$aDLC$cDLC$dBAKER$dC#P$dBTCTA$dYDXCP$dDLC$dUk
=042  \\$aukblsr
=043  \\$an-us---
=050  00$aGV583$b.J653 2006
=082  00$a338.437960440973$222
=100  1\$aJozsa, Frank P.,$cJr.,$d1941-
=245  10$aBig sports, big business :$ba century of league expansions, mergers, and reorganizations /$cFrank P. Jozsa Jr.
=260  \\$aWestport, Conn. ;$aLondon :$bPraeger,$c2006.
=300  \\$axxvii, 181 p., [9] p. of plates :$bill. ;$c25 cm.
=336  \\$atext$2rdacontent
=337  \\$aunmediated$2rdamedia
=338  \\$avolume$2rdacarrier
=504  \\$aIncludes bibliographical references (p. [169]-176) and index.
=540  \\$aCurrent Copyright Fee: GBP30.00$c0$5Uk
=650  \0$aProfessional sports$xEconomic aspects$zUnited States.
=650  \0$aSports franchises$zUnited States.
=690  7\$aManagement and Business Studies$2blcoll
=852  41$aBritish Library$bHMNTS
=852  41$aBritish Library$bDSC$jm06/.39601
=856  41$3Table of contents only$uhttp://www.loc.gov/catdir/toc/ecip0616/2006021461.html
=BUF  \\$aN3$d20061123
=CAT  \\$aBATCH-APP$b00$c20061109$lBLL01$h0940
=CAT  \\$aBATCH$b00$c20061109$lBLL01$h0941
=CAT  \\$aBATCH$b00$c20061109$lBLL01$h0943
=CAT  \\$a7732$b40$c20061123$lBLL01$h1303
=CAT  \\$a7732$b40$c20061123$lBLL01$h1304
=CAT  \\$aBATCH-BUOC$b00$c20070125$lBLL01$h2136
=CAT  \\$aBATCH$b00$c20090624$lBLL01$h1719
=CAT  \\$aBATCH-UPD$b00$c20160512$lBLL01$h2038
=CAT  \\$aWR16_021$c20160616$lBLL01$h1809
=CAT  \\$aBATCH-CLAB$c20220330$lBLL01$h1744
=CAT  \\$aIPL-CLA$c20220331$lBLL01$h2240
=CAT  \\$aBATCH-CLAB$c20221217$lBLL01$h1747
=CAT  \\$aIPL-CLA$c20221231$lBLL01$h2129
=CFI  0\$aCurrent Copyright Fee: GBP30.00$c0$e01-jan-2023$fGBP30.00$g0$hC$5Uk
=CFI  2\$aBritish Library not licensed to copy$c0$e01-apr-2022$hC$iCFP Excluded$5Uk
=FIN  \\$aY$d20061123
=FMT  \\$a  BK
=LAS  \\$aIPL-CLA$b00$c20221231$lBLL01$h2129

