=LDR  01956 am a2200565 a 4500
=001  013654335
=003  Uk
=005  20091215144555.0
=008  061116m20072009ii\\\\\g\b\\\\000\0\eng\d
=020  \\$a8126907150 (set)
=020  \\$a8126907134 (v. 1)
=020  \\$a8126907142 (v. 2)
=020  \\$a9788126912766 (v. 3)
=025  \\$aI-E-2007-343326; 63-90; 63-01
=035  \\$a(IiNdDKA)DK-172104-HBD
=037  \\$bLibrary of Congress -- New Delhi Overseas Office$cRs990.00 (set)
=040  \\$aDLC$cDLC$dDLC$dUk
=042  \\$aukblsr
=043  \\$aa-ii---$an-us---
=050  00$aDS450.U6$bI58 2007
=050  \4$aDS450.U6S53$bI53 2007
=082  04$a355.03109540973$222
=245  00$aIndo-U.S. civil nuclear deal /$cedited by Rahul Bhonsle, Ved Prakash, K.R. Gupta.
=260  \\$aNew Delhi :$bAtlantic Publishers, Distributors,$cc2007-c2009.
=300  \\$a3 v. ;$c23 cm.
=336  \\$atext$2rdacontent
=337  \\$aunmediated$2rdamedia
=338  \\$avolume$2rdacarrier
=500  \\$aContributed articles.
=504  \\$aIncludes bibliographical references.
=650  \0$aNuclear weapons$xGovernment policy$zIndia.
=651  \0$aIndia$xMilitary relations$zUnited States.
=651  \0$aUnited States$xMilitary relations$zIndia.
=651  \0$aIndia$xStrategic aspects.
=700  1\$aBhonsle, Rahul K.
=700  1\$aPrakash, Ved,$cCol.
=700  1\$aGupta, Kulwant Rai,$d1933-
=852  \\$aBritish Library$bOC
=852  41$aBritish Library$bOC$jYD.2009.a.9606
=852  41$aBritish Library$bOC$jYD.2008.a.4272
=856  41$3Table of contents only$uhttp://www.loc.gov/catdir/toc/fy0707/2007343326.html
=CAT  \\$a5703$b40$c20070129$lBLL01$h1606
=CAT  \\$a11009$b40$c20080428$lBLL01$h1200
=CAT  \\$a4039$b40$c20090422$lBLL01$h1654
=CAT  \\$a5512$b40$c20091215$lBLL01$h1445
=FIN  \\$aY$d20080428
=FMT  \\$a  BK
=LAS  \\$a5512$b40$c20091215$lBLL01$h1445
=SRC  \\$aBLL02
=SRC  \\$aDK - Supplier

