=LDR  02573cam a2200661 a 4500
=001  013656368
=003  Uk
=005  20221231213239.0
=008  070212s2007\\\\ne\abf\\\b\\\\001\0\eng\\
=010  \\$a  2007060889
=015  \\$aGBA708888$2bnb
=016  7\$a013656368$2Uk
=020  \\$a9789004155794 (hbk.) :$cNo price
=020  \\$a9004155791 (hbk.) :$cNo price
=035  \\$a(OCoLC)ocm81453644
=035  \\$a(OCoLC)81453644
=040  \\$aStDuBDS$beng$cStDuBDS$dUk
=042  \\$aukblcatcopy
=043  \\$ae-dk---
=050  00$aD172$b.J46 2007
=082  00$a948.9/02$222
=100  1\$aMøller Jensen, Janus,$d1974-
=245  10$aDenmark and the Crusades, 1400-1650 /$cby Janus Møller Jensen.
=260  \\$aLeiden ;$aBoston :$bBrill,$c2007.
=300  \\$axix, 399 p., [22] p. of plates :$bill., maps ;$c25 cm.
=336  \\$atext$2rdacontent
=337  \\$aunmediated$2rdamedia
=338  \\$avolume$2rdacarrier
=490  1\$aThe Northern world,$x1569-1462 ;$vv. 30
=500  \\$aRevision of the author's thesis (Ph. D.)--University of Southern Denmark, 2005.
=504  \\$aIncludes bibliographical references (p. [353]-388) and index.
=540  \\$aCurrent Copyright Fee: GBP25.00$c0$5Uk
=650  \0$aCrusades$yLater, 13th, 14th, and 15th centuries.
=651  \0$aDenmark$xHistory$y1397-1448.
=651  \0$aDenmark$xHistory$y1448-1660.
=830  \4$aThe Northern world,$x1569-1462 ;$vv. 30
=852  41$aBritish Library$bHMNTS$jZA.9.a.12030 (.....)
=852  41$aBritish Library$bDSC$j6151.340000
=852  41$aBritish Library$bHMNTS
=852  41$aBritish Library$bHMNTS$jZA.9.a.12030(30)
=856  41$3Table of contents only$uhttp://www.loc.gov/catdir/toc/fy0711/2007060889.html
=CAT  \\$aBATCH-CIP$b00$c20070130$lBLL01$h1701
=CAT  \\$aBATCH$b00$c20070130$lBLL01$h1702
=CAT  \\$aBATCH$b00$c20070130$lBLL01$h1707
=CAT  \\$aBATCH-UPD$b00$c20070501$lBLL01$h2303
=CAT  \\$a8197$b40$c20081209$lBLL01$h1543
=CAT  \\$aBATCH$b00$c20091217$lBLL01$h0445
=CAT  \\$aBATCH$b00$c20100103$lBLL01$h1238
=CAT  \\$aBATCH-UPD$b00$c20200814$lBLL01$h2047
=CAT  \\$a8411$b40$c20220406$lBLL01$h1513
=CAT  \\$aBATCH-CLA$b00$c20220407$lBLL01$h0106
=CAT  \\$aBATCH-CLA$b00$c20221221$lBLL01$h1851
=CAT  \\$aIPL-CLA$c20221231$lBLL01$h2132
=CFI  0\$aCurrent Copyright Fee: GBP25.00$c0$e01-jan-2023$fGBP25.00$g0$hA$5Uk
=CFI  2\$aPrevious Copyright Fee: GBP22.50$c0$e01-jan-2021$fGBP22.50$g0$hA$5Uk
=FIN  \\$aY$d20081209
=FMT  \\$a  BK
=LAS  \\$aIPL-CLA$b00$c20221231$lBLL01$h2132

