=LDR  01777pam a2200529 a 4500
=001  013704331
=003  Uk
=005  20081112112339.0
=008  060825s2007\\\\nyu\\\\\\\\\\\001\0\eng\\
=010  \\$a  2006027623
=015  \\$aGBA724147$2bnb
=016  7\$a013704331$2Uk
=020  \\$a9780446578646 (hbk.) :$c£16.99
=020  \\$a0446578649 (hbk.) :$c£16.99
=035  \\$a(OCoLC)ocm71243833
=035  \\$a(OCoLC)71243833
=040  \\$aStDuBDS$beng$cStDuBDS$dUk
=042  \\$aukblcatcopy
=050  00$aHF5381$b.T736 2007
=082  00$a650.1$222
=100  1\$aTrunk, Penelope.
=245  10$aBrazen careerist :$bthe new rules for success /$cPenelope Trunk.
=250  \\$a1st ed.
=260  \\$aNew York :$bWarner Business Books,$c2007.
=300  \\$axix, 201 p. ;$c22 cm.
=336  \\$atext$2rdacontent
=337  \\$aunmediated$2rdamedia
=338  \\$avolume$2rdacarrier
=500  \\$aIncludes index.
=500  \\$aFormerly CIP.$5Uk
=650  \0$aCareer development.
=650  \0$aVocational guidance.
=650  \0$aSuccess in business.
=852  41$aBritish Library$bHMNTS$jYK.2008.a.21972
=852  \\$aBritish Library$bDSC
=856  41$3Table of contents only$uhttp://www.loc.gov/catdir/toc/ecip0620/2006027623.html
=856  42$3Publisher description$uhttp://www.loc.gov/catdir/enhancements/fy0654/2006027623-d.html
=CAT  \\$aBATCH-CIP$b00$c20070327$lBLL01$h1701
=CAT  \\$aBATCH$b00$c20070327$lBLL01$h1702
=CAT  \\$aBATCH$b00$c20070327$lBLL01$h1707
=CAT  \\$aBATCH$b00$c20070531$lBLL01$h0858
=CAT  \\$aBATCH$b00$c20070531$lBLL01$h0900
=CAT  \\$a11029$b40$c20080122$lBLL01$h1148
=CAT  \\$a12666$b40$c20081112$lBLL01$h1123
=FIN  \\$aY$d20081112
=FMT  \\$a  BK
=LAS  \\$a12666$b40$c20081112$lBLL01$h1123

