=LDR  03395 am a2200697 a 4500
=001  010980857
=003  Uk
=005  20050926142202.0
=008  030729s2004\\\\enka\\\\\b\\\\001\0\eng\\
=010  \\$a  2003017132
=015  \\$aGBA3T7620$2bnb
=016  7\$a010980857$2Uk
=019  y\$abA3T7620
=019  9\$a0415318017
=019  g\$aadv5005250913
=019  a\$aG07913401
=020  \\$a0415318017 :$c£65.00
=020  \\$a0415318025 (pbk.) :$c£18.99
=039  0\$a2767
=040  \\$aStDuBDS$dUk
=042  \\$aukblsr
=043  \\$ae-uk---
=050  00$aLC1203.G7$bA54 2004
=082  00$a371.9046072$222
=245  00$aAction research for inclusive education :$bchanging places, changing practice, changing minds /$cedited by Felicity Armstrong and Michele Moore.
=260  \\$aLondon :$bRoutledgeFalmer,$c2004.
=300  \\$axi, 146 p. :$bill., ;$c24 cm.
=336  \\$atext$2rdacontent
=337  \\$aunmediated$2rdamedia
=338  \\$avolume$2rdacarrier
=504  \\$aIncludes bibliographical references and index.
=505  0\$aAction research : developing inclusive practice and transforming cultures / Felicity Armstrong and Michele Moore -- Disability and empowerment : personal integrity in further education research / Val Thompson -- From confusion to collaboration : can special schools contribute to developing inclusive practices in mainstream schools? / Pauline Zelaieta -- Forging and strengthening alliances : learning support staff and the challenge of inclusion / Catherine Sorsby -- Students who challenge : reducing barriers to inclusion / Linda Simpson -- "We like to talk and we like someone to listen" : cultural difference and minority voices as agents of change / Mary Clifton -- Ordinary teachers, ordinary struggles : including children with social and communication difficulties in everyday classroom life / Kathy Charles -- "What about me? I live here too!" : raising voices and changing minds through participatory research / Judith Gwynn -- Changing places : gay students, teachers, and research action / Colin J. Slater -- Challenging behaviour : ours, not theirs / Karen Dunn.
=650  \0$aInclusive education$xResearch$zGreat Britain.
=650  \0$aAction research in education$zGreat Britain.
=650  \0$aEducational change$zGreat Britain.
=690  7\$aSocial Welfare$2blcoll
=700  1\$aArmstrong, Felicity.
=700  1\$aMoore, Michele,$d1962-
=852  41$aBritish Library$bHMNTS
=852  41$aBritish Library$bDSC$jm04/19075
=856  41$3Table of contents$uhttp://www.loc.gov/catdir/toc/ecip047/2003017132.html
=CAT  \\$aCONV$b00$c20040425$lBLL90$h0534
=CAT  \\$aCONV$b00$c20040502$lBLL01$h1419
=CAT  \\$a9657$b40$c20050921$lBLL01$h1034
=CAT  \\$a9657$b40$c20050921$lBLL01$h1036
=CAT  \\$a9666$b40$c20050926$lBLL01$h1422
=CAT  \\$aglobal_upd$b40$c20060417$lBLL01$h1138
=CAT  \\$aBATCH$b00$c20091122$lBLL01$h1629
=CAT  \\$aBATCH$b00$c20110625$lBLL01$h0436
=CAT  \\$aBATCH-SWP4$c20110627$lBLL01$h1512
=CAT  \\$aWR16_021$c20160609$lBLL01$h1957
=FIN  \\$aY
=FMT  \\$a  BK
=LAS  \\$aWR16_021$b00$c20160609$lBLL01$h1957
=LDO  \\$aCIP
=LEO  \\$aMP5.0000145061
=LEO  \\$aMP8.0001884289
=SRC  \\$aLDS01$bbiblm.200404.2.aa
=SRC  \\$aBNB03$bbibmp5.200404.2.aa
=SRC  \\$aDSC01$bbibmp8.200404.2.ac
=SRC  \\$aBLL02$bpart.2.ai

