=LDR  03569pam a2200901 a 4500
=001  010989705
=003  Uk
=005  20050105152020.0
=008  030521s2003\\\\nyuabf\\\bi\\s001\0\eng\\
=010  \\$a2003051079
=015  \\$aGBA3Z6496$2bnb
=016  7\$a010989705$2Uk
=019  y\$abA3Z6496
=019  9\$a0942041194
=020  \\$a0942041194 (pbk) :$c£21.95
=039  0\$a2723
=040  \\$aStDuBDS$dUk
=041  1\$aeng$hspa
=042  \\$aukblsr
=043  \\$an-mx---
=050  00$aF1221.T9$bL3813 2003
=082  00$a972.03$222
=100  1\$aLaughlin, Robert M.
=240  10$aGran serpiente cornuda.$lEnglish
=245  10$aBeware the great horned serpent! :$bChiapas under the threat of Napoleon /$cRobert M. Laughlin.
=260  \\$aAlbany, N.Y. :$bInstitute for Mesoamerican Studies, University at Albany ;$a[London :$bEurospan],$cc2003.
=300  \\$axiii, 302 p., [24] p. of plates :$bill., 1 map ; 23 cm.
=336  \\$atext$2rdacontent
=337  \\$aunmediated$2rdamedia
=338  \\$avolume$2rdacarrier
=490  1\$aStudies on culture and society ;$vv. 8
=500  \\$aRev. translation of: La gran serpiente cornuda.
=500  \\$aFormerly CIP.$5Uk
=504  \\$aIncludes bibliographical references (p. [269]-284) and index.
=540  \\$aBritish Library not licensed to copy$c0$5Uk
=600  00$aNapoleon$bI,$cEmperor of the French,$d1769-1821$xRelations with Latin Americans.
=650  \0$aTzotzil Indians$xHistory$y19th century.
=650  \0$aTzotzil Indians$xGovernment relations.
=650  \0$aManuscripts, Tzotzil$zMexico$zChiapas$xHistory$y19th century.
=650  \0$aTzotzil language$xSocial aspects.
=651  \0$aSpain$xColonies$zAmerica$xAdministration.
=651  \0$aSpain$xForeign relations$zMexico.
=651  \0$aMexico$xForeign relations$zSpain.
=651  \0$aMexico$xPolitics and government$y1810-1821.
=651  \0$aMexico$xHistory$yWars of Independence, 1810-1821.
=830  \0$aStudies on culture and society ;$vv. 8.
=852  41$aBritish Library$bHMNTS$jYC.2005.a.14606
=852  41$aBritish Library$bHMNTS$jYD.2004.a.6883
=852  41$aBritish Library$bHMNTS
=852  41$aBritish Library$bDSC$j8490.319500$ivol 8
=856  42$3Publisher description$uhttp://www.loc.gov/catdir/description/texas041/2003051079.html
=856  41$3Table of contents$uhttp://www.loc.gov/catdir/toc/texas041/2003051079.html
=CAT  \\$aCONV$b00$c20040425$lBLL90$h0539
=CAT  \\$a9657$b40$c20041221$lBLL01$h1154
=CAT  \\$a9657$b40$c20041221$lBLL01$h1155
=CAT  \\$a9657$b40$c20041221$lBLL01$h1203
=CAT  \\$a9657$b40$c20041221$lBLL01$h1220
=CAT  \\$a9657$b40$c20041221$lBLL01$h1222
=CAT  \\$a9657$b40$c20041221$lBLL01$h1526
=CAT  \\$a9657$b40$c20050105$lBLL01$h1520
=CAT  \\$aBATCH$b00$c20091210$lBLL01$h0353
=CAT  \\$aBATCH$b00$c20091217$lBLL01$h0210
=CAT  \\$aBATCH-UPD$b00$c20100107$lBLL01$h0016
=CAT  \\$aBATCH-UPD$b00$c20110909$lBLL01$h1803
=CAT  \\$aBATCH-UPD$b00$c20130111$lBLL01$h0510
=CAT  \\$aBATCH-CLA$b00$c20140929$lBLL01$h1818
=CAT  \\$aIPL-CLA$c20140930$lBLL01$h1632
=CAT  \\$aWR16_021$c20160609$lBLL01$h1958
=CAT  \\$aBATCH-CLA$b00$c20160610$lBLL01$h0128
=CFI  0\$aBritish Library not licensed to copy$c0$e01-oct-2014$hC$iCFP Excluded$5Uk
=FIN  \\$aY$d20041221
=FMT  \\$a  BK
=LAS  \\$aBATCH-CLA$b00$c20160610$lBLL01$h0128
=LDO  \\$aCIP
=LEO  \\$aMP5.0000322783
=SID  \\$aZ39$bLOC
=SRC  \\$aLDS01$bbiblm.200404.2.aa
=SRC  \\$aBNB03$bbibmp5.200404.2.aa

