=LDR  02716pam a2200697 a 4500
=001  011617616
=003  Uk
=005  20080909094031.0
=008  030731s2004\\\\caub\\\\\b\\\\001\0deng\\
=010  \\$a2003017330  
=015  \\$aGBA4Y4036$2bnb
=016  7\$a011617616$2Uk
=019  y\$abA4Y4036
=019  9\$a0520238877
=020  \\$a0520238885 (pbk. : alk. paper) :$c£12.95
=020  \\$a0520238877 (cloth : alk. paper) :$c£32.95
=039  0\$a2784
=040  \\$aStDuBDS$dUk
=042  \\$aukblsr
=043  \\$ae-ru---
=050  00$aDK511.C37$bT572 2004
=082  00$a947.52$222
=100  1\$aTishkov, Valeriĭ Aleksandrovich.
=245  10$aChechnya :$blife in a war-torn society /$cValery Tishkov ; with a foreword by Mikhail S. Gorbachev.
=260  \\$aBerkeley, Calif. ;$aLondon :$bUniversity of California Press,$c2004.
=300  \\$axviii, 284 p. :$bmap ;$c24 cm.
=336  \\$atext$2rdacontent
=337  \\$aunmediated$2rdamedia
=338  \\$avolume$2rdacarrier
=490  1\$aCalifornia series in public anthropology ;$v6
=500  \\$aFormerly CIP.$5Uk
=504  \\$aIncludes bibliographical references (p. 251-267) and index.
=651  \0$aChechni︠a︡ (Russia)$xHistory$yCivil War, 1994-$xSocial aspects.
=651  \0$aChechni︠a︡ (Russia)$xHistory$yCivil War, 1994-$vPersonal narratives, Chechen.
=830  \0$aCalifornia series in public anthropology ;$v6.
=852  41$aBritish Library$bHMNTS$jYC.2006.a.1000
=852  41$aBritish Library$bHMNTS
=856  42$3Contributor biographical information$uhttp://www.loc.gov/catdir/bios/ucal052/2003017330.html
=856  42$3Publisher description$uhttp://www.loc.gov/catdir/description/ucal042/2003017330.html
=856  41$3Sample text$uhttp://www.loc.gov/catdir/samples/ucal041/2003017330.html
=856  41$3Table of contents$uhttp://www.loc.gov/catdir/toc/ecip047/2003017330.html
=CAT  \\$aCONV$b00$c20040425$lBLL90$h0535
=CAT  \\$aCONV$b00$c20040502$lBLL01$h1441
=CAT  \\$aAGENCY14$b40$c20041105$lBLL01$h1051
=CAT  \\$a5004$b40$c20060104$lBLL01$h1129
=CAT  \\$a5004$b40$c20060104$lBLL01$h1133
=CAT  \\$aBATCH-UPD$b40$c20080830$lBLL01$h2233
=CAT  \\$a11249$b40$c20080909$lBLL01$h0940
=CAT  \\$aBATCH$b00$c20091210$lBLL01$h0532
=CAT  \\$aBATCH$b00$c20091214$lBLL01$h0738
=CAT  \\$aBATCH$b00$c20100103$lBLL01$h1151
=CAT  \\$aBATCH-UPD$b00$c20140329$lBLL01$h1809
=CAT  \\$aWR16_021$c20160609$lBLL01$h1959
=FIN  \\$aY$d20060104
=FMT  \\$a  BK
=LAS  \\$aWR16_021$b00$c20160609$lBLL01$h1959
=LDO  \\$aCIP
=LEO  \\$aMP5.0000164539
=SRC  \\$aLDS01$bbiblm.200404.2.aa
=SRC  \\$aBNB03$bbibmp5.200404.2.aa
=SRC  \\$aBLL02

