=LDR  02400pam a2200697 a 4500
=001  011620266
=003  Uk
=005  20050203123753.0
=007  ta
=007  co\|g|||||||||
=008  030804s2004\\\\nyua\\\\\b\\\\001\0\eng\\
=010  \\$a2003060224
=015  \\$aGBA4Y9875$2bnb
=016  7\$a011620266$2Uk
=019  y\$abA4Y9875
=019  9\$a0521814723
=020  \\$a0521814723 (cased) :$c£65.00
=039  0\$a2780
=040  \\$aDLC$beng$cDLC$dDLC$dUk
=042  \\$aukblsr
=050  00$aRC88.9.T47$bU77 2004
=082  00$a363.3497$222
=100  1\$aUrsano, Robert J.,$d1947-
=245  10$aBioterroism :$bpsychological and public health interventions /$cRobert J. Ursano, Ann E. Norwood, and Carol S. Fullerton.
=260  \\$aCambridge :$bCambridge,$c2004.
=300  \\$axii, 363 p. :$bill. ;$c26 cm.
=336  \\$atext$2rdacontent
=337  \\$aunmediated$2rdamedia
=338  \\$avolume$2rdacarrier
=500  \\$aTwo CD-ROMs in pocket attached to inside back cover.
=500  \\$aFormerly CIP.$5Uk
=504  \\$aIncludes bibliographical references and index.
=650  \0$aBioterrorism$xPsychological aspects.
=650  \0$aBioterrorism$xSocial aspects.
=650  \0$aPublic health.
=650  \0$aDisaster medicine.
=650  \0$aEmergency management.
=700  1\$aNorwood, Ann E.,$d1953-
=700  1\$aFullerton, Carol S.
=852  41$aBritish Library$bHMNTS$jEMC.2009.a.200
=852  \\$aBritish Library$bHMNTS
=852  41$aBritish Library$bDSC$jVm05/.50243
=856  42$3Publisher description$uhttp://www.loc.gov/catdir/description/cam032/2003060224.html
=856  41$3Table of contents$uhttp://www.loc.gov/catdir/toc/cam032/2003060224.html
=CAT  \\$aCONV$b00$c20040425$lBLL90$h0535
=CAT  \\$aCONV$b00$c20040502$lBLL01$h1441
=CAT  \\$a10883$b40$c20040901$lBLL01$h0913
=CAT  \\$a11317$b40$c20040902$lBLL01$h1445
=CAT  \\$a11317$b40$c20040903$lBLL01$h0805
=CAT  \\$a12325$b40$c20050203$lBLL01$h1237
=CAT  \\$aBATCH$b00$c20091210$lBLL01$h0532
=CAT  \\$aBATCH$b00$c20091214$lBLL01$h0738
=CAT  \\$aBATCH-RDA$c20160127$lBLL01$h1358
=CAT  \\$aWR16_021$c20160609$lBLL01$h2000
=FIN  \\$aY
=FMT  \\$a  BK
=LAS  \\$aWR16_021$b00$c20160609$lBLL01$h2000
=LDO  \\$aCIP
=LEO  \\$aMP5.0000168951
=SRC  \\$aLDS01$bbiblm.200404.2.aa
=SRC  \\$aBLL02$bbibmp5.200404.2.aa$bpart.2.ai

