=LDR  02248pam a2200673 a 4500
=001  011620380
=003  Uk
=005  20050105093039.0
=007  ta
=007  co\|g|||||||||
=008  040115s2004\\\\enkabc\\\b\\\\001\0\eng\\
=010  \\$a2004040410
=015  \\$aGBA4Y9873$2bnb
=016  7\$a011620380$2Uk
=019  y\$abA4Y9873
=019  9\$a0521819296
=020  \\$a0521819296 :$c£80.00
=039  0\$a2780
=040  \\$aStDuBDS$beng$cUk$dUk
=042  \\$aukblsr
=050  00$aGB1005$b.H93 2004
=082  00$a551.468$222
=245  00$aHydrogeology of the oceanic lithosphere /$cedited by Earl E. Davis and Harry Elderfield.
=260  \\$aCambridge :$bCambridge University Press,$c2004.
=300  \\$axx, 706 p. :$bill., maps, ports. ;$c26 cm.
=336  \\$atext$2rdacontent
=337  \\$aunmediated$2rdamedia
=338  \\$avolume$2rdacarrier
=500  \\$aOne CD-ROM in pocket attached to inside back cover.
=500  \\$aFormerly CIP.$5Uk
=504  \\$aIncludes bibliographical references and index.
=650  \0$aHydrogeology.
=650  \0$aOcean bottom.
=651  \0$aEarth$xCrust.
=700  1\$aDavis, Earl E.,$d1947-
=700  1\$aElderfield, Harry,$d1943-
=852  41$aBritish Library$bDSC$jVm08/.50180
=852  11$aBritish Library$bSTI$k(B)$h551.468
=852  \\$aBritish Library$bSTI
=856  42$3Publisher description$uhttp://www.loc.gov/catdir/description/cam041/2004040410.html
=856  41$3Table of contents$uhttp://www.loc.gov/catdir/toc/cam041/2004040410.html
=CAT  \\$aCONV$b00$c20040425$lBLL90$h0535
=CAT  \\$aCONV$b00$c20040502$lBLL01$h1441
=CAT  \\$a9678$b40$c20041221$lBLL01$h1355
=CAT  \\$a9678$b40$c20041221$lBLL01$h1357
=CAT  \\$a11250$b40$c20050105$lBLL01$h0929
=CAT  \\$a11250$b40$c20050105$lBLL01$h0930
=CAT  \\$aBATCH$b00$c20091210$lBLL01$h0532
=CAT  \\$aBATCH$b00$c20091214$lBLL01$h0738
=CAT  \\$aBATCH-RDA$c20160127$lBLL01$h1358
=CAT  \\$aWR16_021$c20160609$lBLL01$h2000
=FIN  \\$aY$d20050105
=FMT  \\$a  BK
=LAS  \\$aWR16_021$b00$c20160609$lBLL01$h2000
=LDO  \\$aCIP
=LEO  \\$aMP5.0000169259
=SID  \\$aZ39$bLOC
=SRC  \\$aLDS01$bbiblm.200404.2.aa
=SRC  \\$aBNB03$bbibmp5.200404.2.aa

