=LDR  03142cam a2200853 a 4500
=001  011620470
=003  Uk
=005  20220331221106.0
=008  030226s2003\\\\enka\\\\\b\\\\001\0\eng\\
=010  \\$a  2003043943
=015  \\$aGBA3V4464$2bnb
=016  7\$a011620470$2Uk
=019  y\$abA3V4464
=019  9\$a0521822580
=019  g\$aadv5004892202
=019  a\$aG07911042
=020  \\$a0521822580 :$c£25.00
=039  0\$a2754
=040  \\$aStDuBDS$dUk
=042  \\$aukblsr
=043  \\$ae-ie---$ae-fr---
=050  00$aPR6003.E282$bZ7655 2003
=082  00$a848.91409$222
=100  1\$aKnowlson, James.
=245  10$aImages of Beckett /$cphotographs by John Haynes ; text by James Knowlson.
=260  \\$aCambridge, U.K. ;$aNew York :$bCambridge University Press,$c2003.
=300  \\$axiii, 159 p. :$bill. ;$c20 x 25 cm.
=336  \\$atext$2rdacontent
=337  \\$aunmediated$2rdamedia
=338  \\$avolume$2rdacarrier
=500  \\$aFormerly CIP.$5Uk
=504  \\$aIncludes bibliographical references (148-154) and index.
=540  \\$aCurrent Copyright Fee: GBP25.00$c0$5Uk
=600  14$aBeckett, Samuel,$d1906-1989.
=600  14$aBeckett, Samuel,$d1906-1989$xStage history$vPictorial works.
=600  14$aBeckett, Samuel,$d1906-1989$xDramatic production.
=600  14$aBeckett, Samuel,$d1906-1989$xKnowledge$xArt.
=600  14$aBeckett, Samuel,$d1906-1989$xPortraits.
=600  10$aBeckett, Samuel,$d1906-1989.
=600  10$aBeckett, Samuel,$d1906-1989$xStage history$vPictorial works.
=600  10$aBeckett, Samuel,$d1906-1989$xDramatic production.
=600  10$aBeckett, Samuel,$d1906-1989$xKnowledge$xArt.
=600  10$aBeckett, Samuel,$d1906-1989$xPortraits.
=650  \0$aAuthors, Irish$y20th century$vBiography.
=650  \0$aArt and literature$zIreland.
=650  \0$aArt and literature$zFrance.
=700  1\$aHaynes, John,$d1937-
=852  41$aBritish Library$bHMNTS
=852  41$aBritish Library$bDSC$jm03/36030
=856  42$3Publisher description$uhttp://www.loc.gov/catdir/description/cam032/2003043943.html
=856  41$3Table of contents$uhttp://www.loc.gov/catdir/toc/cam031/2003043943.html
=966  \\$lACQUIS 06/10/2003
=CAT  \\$aCONV$b00$c20040425$lBLL90$h0535
=CAT  \\$aCONV$b00$c20040502$lBLL01$h1441
=CAT  \\$a5004$b40$c20051103$lBLL01$h0816
=CAT  \\$a5004$b40$c20051103$lBLL01$h0818
=CAT  \\$aglobal_upd$b40$c20060417$lBLL01$h1259
=CAT  \\$aBATCH-UPD$b40$c20060801$lBLL01$h2205
=CAT  \\$aBATCH-UPD$b40$c20071017$lBLL01$h2127
=CAT  \\$aBATCH$b00$c20091122$lBLL01$h1852
=CAT  \\$aWR16_021$c20160609$lBLL01$h2000
=CAT  \\$aBATCH-CLAB$c20220330$lBLL01$h1641
=CAT  \\$aIPL-CLA$c20220331$lBLL01$h2211
=CFI  0\$aCurrent Copyright Fee: GBP25.00$c0$e01-apr-2022$fGBP25.00$g0$hC$5Uk
=FIN  \\$aY
=FMT  \\$a  BK
=LAS  \\$aIPL-CLA$b00$c20220331$lBLL01$h2211
=LDO  \\$aCIP
=LEO  \\$aMP5.0000169424
=LEO  \\$aMP8.0001883353
=SRC  \\$aLDS01$bbiblm.200404.2.aa
=SRC  \\$aBNB03$bbibmp5.200404.2.aa
=SRC  \\$aDSC01$bbibmp8.200404.2.ac
=SRC  \\$aBLL02$bpart.2.ai

