=LDR  01874pam a2200589 a 4500
=001  009725892
=003  Uk
=005  20051018114826.0
=008  030514s2003\\\\nyu\\\\\\\\\\\000\0aeng\\
=010  \\$a2003011255
=015  \\$aGBA3W1791$2bnb
=016  7\$a009725892$2Uk
=019  y\$abA3W1791
=019  9\$a1932128069
=020  \\$a1932128069 :$c£14.99
=020  \\$a1932128077 (pbk.) :$cNo price
=039  0\$a2749
=040  \\$aStDuBDS$dUk
=042  \\$aukblsr
=043  \\$an-us---
=050  00$aBF1283.E34$bA3 2003
=082  00$a133.91092$222
=100  1\$aEdward, John$q(John J.)
=245  10$aAfter life :$banswers from the other side /$cJohn Edward with Natasha Stoynoff.
=260  \\$aNew York :$bPrincess Books ;$aLondon :$bHay House [distributor],$cc2003.
=300  \\$axx, 211 p. ;$c24 cm.
=336  \\$atext$2rdacontent
=337  \\$aunmediated$2rdamedia
=338  \\$avolume$2rdacarrier
=500  \\$aFormerly CIP.$5Uk
=600  14$aEdward, John$q(John J.)
=600  14$aEdward, John$q(John J.)$xJourneys.
=600  10$aEdward, John$q(John J.)
=650  \0$aMediums$zUnited States$vBiography.
=700  1\$aStoynoff, Natasha.
=852  41$aBritish Library$bHMNTS
=852  41$aBritish Library$bHMNTS$jYK.2005.a.13601
=856  41$3Table of contents$uhttp://www.loc.gov/catdir/toc/ecip044/2003011255.html
=957  \\$r11/3/04$tM/37821-11
=CAT  \\$aCONV$b00$c20040425$lBLL90$h0543
=CAT  \\$aCONV$b00$c20040502$lBLL01$h1337
=CAT  \\$a9657$b40$c20051018$lBLL01$h1134
=CAT  \\$a9657$b40$c20051018$lBLL01$h1148
=CAT  \\$aWR16_021$c20160609$lBLL01$h1953
=FIN  \\$aY$d20051018
=FMT  \\$a  BK
=LAS  \\$aWR16_021$b00$c20160609$lBLL01$h1953
=LDO  \\$aCIP$bhbk
=LEO  \\$aMP5.0000471758
=SID  \\$aZ39$bLOC
=SRC  \\$aLDS01$bbiblm.200404.2.aa
=SRC  \\$aBNB03$bbibmp5.200404.2.aa

