=LDR  02228pam a2200649 a 4500
=001  009064014
=003  Uk
=005  20051207085342.0
=008  031006s2004\\\\ncuab\\\\b\\\\001\0\eng\\
=010  \\$a2003022087
=015  \\$aGBA3U4228$2bnb
=016  7\$a009064014$2Uk
=019  y\$abA3U4228
=019  9\$a0786416270
=019  g\$aadv5005442510
=019  a\$aG07947348
=020  \\$a0786416270 (illustrated case bdg. : 50# alk. paper) :$c£33.50
=039  0\$a2761
=040  \\$aStDuBDS$dUk
=042  \\$aukblsr
=043  \\$an-us-ny
=050  00$aF127.A2$bC25 2004
=082  00$a973.7115$222
=100  1\$aCalarco, Tom,$d1947-
=245  14$aThe Underground Railroad in the Adirondack region /$cTom Calarco.
=260  \\$aJefferson, N.C. ;$aLondon :$bMcFarland,$c2004.
=300  \\$aix, 293 p. :$bill., maps ;$c27 cm.
=336  \\$atext$2rdacontent
=337  \\$aunmediated$2rdamedia
=338  \\$avolume$2rdacarrier
=500  \\$aFormerly CIP.$5Uk
=504  \\$aIncludes bibliographical references (p. 270-280) and index.
=650  \0$aUnderground Railroad$zNew York (State)$zAdirondack Mountains Region.
=650  \0$aAntislavery movements$zNew York (State)$zAdironack Mountains Region$xHistory$y19th century.
=651  \0$aAdirondack Mountains Region (N.Y.)$xHistory$y19th century.
=852  41$aBritish Library$bHMNTS$jYC.2005.b.2353
=852  41$aBritish Library$bDSC
=856  41$3Table of contents$uhttp://www.loc.gov/catdir/toc/ecip049/2003022087.html
=966  \\$uo$lACQUIS 26/03/2004
=CAT  \\$aCONV$b00$c20040425$lBLL90$h0537
=CAT  \\$aCONV$b00$c20040502$lBLL01$h1314
=CAT  \\$a6632$b40$c20040822$lBLL01$h0943
=CAT  \\$a5004$b40$c20051207$lBLL01$h0853
=CAT  \\$aglobal_upd$b40$c20060417$lBLL01$h0737
=CAT  \\$a11249$b40$c20090820$lBLL01$h0954
=CAT  \\$aBATCH$b00$c20091122$lBLL01$h0959
=CAT  \\$aWR16_021$c20160609$lBLL01$h1951
=FIN  \\$aY
=FMT  \\$a  BK
=LAS  \\$aWR16_021$b00$c20160609$lBLL01$h1951
=LDO  \\$aCIP
=LEO  \\$aMP5.0000270212
=LEO  \\$aMP8.0001892982
=SID  \\$aZ39$bLOC
=SRC  \\$aLDS01$bbiblm.200404.2.aa
=SRC  \\$aBNB03$bbibmp5.200404.2.aa
=SRC  \\$aDSC01$bbibmp8.200404.2.ac

