=LDR  02396 am a2200685 a 4500
=001  007217993
=003  Uk
=005  20060117090118.0
=008  031107s2004\\\\dcua\\\\\b\\\i001\0\eng\\
=010  \\$a2003056886  
=015  \\$aGBA613888$2bnb
=016  7\$a007217993$2Uk
=019  y\$abA3V2240
=019  9\$a0821355147
=019  1\$abld00N4039
=020  \\$a0821355147 (pbk.) :$cNo price
=039  0\$a2755
=040  \\$aDLC$cDLC$dUk
=042  \\$aukblsr
=043  \\$aae-----$aa-cc---
=050  00$aHF1600.5$b.E18 2004
=082  00$a382.3095$222
=245  00$aEast Asia integrates :$ba trade policy agenda for shared growth /$cKathie Krumm and Homi Kharas, editors.
=260  \\$aWashington :$bWorld Bank ;$a[Oxford] :$bOxford University Press,$cc2004.
=300  \\$axliv, 201 p. :$bill. ;$c27 cm.
=336  \\$atext$2rdacontent
=337  \\$aunmediated$2rdamedia
=338  \\$avolume$2rdacarrier
=490  0\$aTrade and development series
=500  \\$a"A copublication of the World Bank and Oxford University Press."
=500  \\$aIncludes papers presented at various seminars and workshops throughout East Asia.
=504  \\$aIncludes bibliographical references and index.
=610  24$aWorld Trade Organization$zChina.
=610  20$aWorld Trade Organization$zChina.
=650  \0$aRegionalism$zEast Asia.
=651  \0$aEast Asia$xCommercial policy.
=651  \0$aEast Asia$xCommerce.
=651  \0$aEast Asia$xEconomic integration.
=651  \0$aEast Asia$xEconomic conditions.
=690  7\$aManagement and Business Studies$2blcoll
=700  1\$aKrumm, Kathie L.,$d1949-
=700  1\$aKharas, Homi J.,$d1954-
=852  41$aBritish Library$bHMNTS
=852  41$aBritish Library$bHMNTS$jYK.2006.b.768
=852  41$aBritish Library$bHMNTS$jOPC.2004.x.58
=856  41$3Table of contents$uhttp://www.loc.gov/catdir/toc/fy043/2003056886.html
=957  \\$a040301e
=CAT  \\$aCONV$b00$c20040425$lBLL90$h0721
=CAT  \\$aCONV$b00$c20040502$lBLL01$h1212
=CAT  \\$a7732$b40$c20060117$lBLL01$h0901
=CAT  \\$aBATCH$b00$c20090517$lBLL01$h1818
=CAT  \\$aWR16_021$c20160609$lBLL01$h1945
=FIN  \\$aY
=FMT  \\$a  BK
=LAS  \\$aWR16_021$b00$c20160609$lBLL01$h1945
=LEO  \\$aMP5.0000291678
=LEO  \\$aMP13.0000142779
=SRC  \\$aBNB03$bbibmp5.200404.2.aa
=SRC  \\$aHSS01$bbibmp13.200404.2.aa
=SRC  \\$aBLL02

