=LDR  02257pam a2200673 a 4500
=001  007710783
=003  Uk
=005  20080415123713.0
=008  031014s2004\\\\enka\\\\\b\\\\001\0beng\d
=010  \\$a2004444227  
=015  \\$aGBA3T4014$2bnb
=016  7\$a007710783$2Uk
=019  y\$abA3T4014
=019  9\$a0743240057
=019  g\$aadv500544968X
=019  a\$aG07989122
=020  \\$a0743240057 :$c£20.00
=035  \\$aBNB2770.1563
=035  \\$a(UkOxU)UkOxUb15639414
=039  0\$a2770
=040  \\$aStDuBDS$dUkOxU$dUk
=042  \\$aukscp
=050  00$aDK510.766.P87$bT78 2004
=082  00$a947.086092$222
=100  10$aTruscott, Peter.
=245  10$aPutin's progress :$ba biography of Russia's enigmatic president, Vladimir Putin /$cPeter Truscott.
=260  \\$aLondon ;$aNew York :$bSimon & Schuster,$c2004.
=300  \\$axiv, 370 p., [8] p. of plates :$bill. ;$c24 cm.
=336  \\$atext$2rdacontent
=337  \\$aunmediated$2rdamedia
=338  \\$avolume$2rdacarrier
=500  \\$aFormerly CIP.$5Uk
=504  \\$aIncludes bibliographical notes (p. 345-358) and index.
=600  10$aPutin, Vladimir Vladimirovich,$d1952-
=650  \0$aPresidents$zRussia (Federation)$vBiography.
=651  \0$aRussia (Federation)$xPolitics and government$y1991-
=852  41$aBritish Library$bHMNTS$jYC.2008.a.4107
=852  41$aBritish Library$bDSC
=856  41$3Table of contents$uhttp://www.loc.gov/catdir/toc/fy051/2004444227.html
=966  \\$uo$lACQUIS 30/03/2004
=CAT  \\$aCONV$b00$c20040425$lBLL90$h0536
=CAT  \\$aCONV$b00$c20040502$lBLL01$h1229
=CAT  \\$aglobal_upd$b40$c20060417$lBLL01$h0451
=CAT  \\$a6632$b40$c20080415$lBLL01$h1237
=CAT  \\$aBATCH$b00$c20091208$lBLL01$h0213
=CAT  \\$aBATCH$b00$c20091214$lBLL01$h0309
=CAT  \\$aBATCH$b00$c20091216$lBLL01$h0050
=CAT  \\$aWR16_021$c20160609$lBLL01$h1946
=CAT  \\$aBATCH-UPD$b00$c20160609$lBLL01$h2043
=FIN  \\$aY$d20080415
=FMT  \\$a  BK
=LAS  \\$aBATCH-UPD$b00$c20160609$lBLL01$h2043
=LDO  \\$aCIP
=LEO  \\$aMP5.0000214237
=LEO  \\$aMP8.0001904120
=SRC  \\$aLDS01$bbiblm.200404.2.aa
=SRC  \\$aBNB03$bbibmp5.200404.2.aa
=SRC  \\$aDSC01$bbibmp8.200404.2.ac
=SRC  \\$aBLL02

