=LDR  02392cam a2200673 u 4500
=001  008401592
=003  Uk
=005  20221231184512.0
=008  030813s2003\\\\enk\\\\\\b\\\\001\0\eng\c
=010  \\$a2003273183
=015  \\$aGBA3Z0101$2bnb
=019  y\$abA3Z0101
=019  9\$a186064905x
=019  g\$aadv5004550778
=019  a\$aG07825957
=020  \\$a186064905X (cased) :$c£29.95
=035  \\$a(OCoLC)ocm52282661
=039  0\$a2728
=040  \\$aStDuBDS$dUk
=042  \\$aukblsr
=082  00$a296.39$222
=100  10$aMagonet, Jonathan,$d1942-
=245  10$aTalking to the other :$bJewish interfaith dialogue with Christians and Muslims /$cJonathan Magonet.
=260  \\$aLondon :$bI. B. Tauris,$c2003.
=300  \\$axiv, 226 p. ;$c24 cm.
=336  \\$atext$2rdacontent
=337  \\$aunmediated$2rdamedia
=338  \\$avolume$2rdacarrier
=500  \\$aForeword by Prince Hassan bin Tallal; afterword by Karen Armstrong.
=500  \\$aFormerly CIP.$5Uk
=504  \\$aIncludes bibliographical references (p. 221-222) and index.
=540  \\$aCurrent Copyright Fee: GBP30.00$c0$5Uk
=650  \0$aJudaism$xRelations.
=650  \0$aJudaism$xRelations$xChristianity.
=650  \0$aChristianity and other religions$xJudaism.
=650  \0$aJudaism$xRelations$xIslam.
=650  \0$aIslam$xRelations$xJudaism.
=852  41$aBritish Library$bHMNTS$jYC.2005.a.11014
=852  41$aBritish Library$bDSC
=856  42$3Contributor biographical information$uhttp://www.loc.gov/catdir/bios/hol052/2003273183.html
=856  42$3Publisher description$uhttp://www.loc.gov/catdir/description/hol041/2003273183.html
=966  \\$uo$lACQUIS 10/04/2003
=CAT  \\$aCONV$b00$c20040425$lBLL90$h0542
=CAT  \\$aCONV$b00$c20040502$lBLL01$h1252
=CAT  \\$a10883$b40$c20051026$lBLL01$h0844
=CAT  \\$aglobal_upd$b40$c20060417$lBLL01$h0616
=CAT  \\$aBATCH-CLAB$c20221217$lBLL01$h1733
=CAT  \\$aBATCH-UPD$b00$c20221217$lBLL01$h2032
=CAT  \\$aIPL-CLA$c20221231$lBLL01$h1845
=CFI  0\$aCurrent Copyright Fee: GBP30.00$c0$e01-jan-2023$fGBP30.00$g0$hC$5Uk
=FIN  \\$aY$d20051026
=FMT  \\$a  BK
=LAS  \\$aIPL-CLA$b00$c20221231$lBLL01$h1845
=LEO  \\$aMP8.0001845879
=LEO  \\$aMP5.0000426174
=LEO  \\$aMP8.0001859154
=SID  \\$aZ39$bLOC
=SRC  \\$aDSC01$bbibmp8.200404.2.ac
=SRC  \\$aBNB03$bbibmp5.200404.2.aa

