=LDR  02397 am a2200565 u 4500
=001  008511486
=003  Uk
=005  20070113122410.0
=008  020705s2001\\\\at\b\\\\\b\\\\000\1\eng\d
=010  \\$a2002416116
=020  \\$a0702231762 (cased)
=020  \\$a0702231770 (pbk.)
=035  \\$a(OCoLC)ocm49605392
=040  \\$aEYM$cEYM$dDLC$dUk
=043  \\$au-at---
=050  00$aPR9619.2.C53$bH57 2001
=100  1\$aClarke, Marcus,$d1846-1881.
=245  10$aHis natural life /$cMarcus Clarke ; edited by Lurline Stuart ; historical background by Michael Roe ; adaptations by Elizabeth Webby.
=260  \\$aSt Lucia :$bUniversity of Queensland Press,$c2001.
=300  \\$alx, 686 p. :$bmaps ;$c22 cm.
=336  \\$atext$2rdacontent
=337  \\$aunmediated$2rdamedia
=338  \\$avolume$2rdacarrier
=490  0\$aThe academy editions of Australian literature
=504  \\$aIncludes bibliographical references.
=505  8\$aMachine generated contents note: Origins of His Natural Life -- The Australian Journal serialisation -- Clarke's revision -- Publication in Brisbane and London -- The in-house editing of the first English edition -- Other lifetime and posthumous editions -- Reception -- Editorial rationale -- HIS NATURAL LIFE -- Note on the Text -- Contents -- Dedication -- Prologue -- Book I -- Book II -- Book III.
=650  \0$aPrisoners, Transportation of$vFiction.
=650  \0$aPenal colonies$vFiction.
=650  \0$aPrisoners$vFiction.
=651  \0$aAustralia$vFiction.
=655  \7$aHistorical fiction.$2gsafd
=700  1\$aStuart, Lurline.
=852  41$aBritish Library$bOC$jYD.2007.a.662
=852  41$aBritish Library$bHMNTS
=856  41$3Table of contents$uhttp://www.loc.gov/catdir/toc/fy031/2002416116.html
=CAT  \\$aCONV$b00$c20040425$lBLL90$h0656
=CAT  \\$aCONV$b00$c20040502$lBLL01$h1255
=CAT  \\$a8980$b40$c20070113$lBLL01$h1224
=CAT  \\$a12179$b40$c20070718$lBLL01$h1417
=CAT  \\$aBATCH$b00$c20091209$lBLL01$h0204
=CAT  \\$aBATCH$b00$c20091214$lBLL01$h0325
=CAT  \\$aBATCH$b00$c20091216$lBLL01$h0105
=CAT  \\$aBATCH$b00$c20100103$lBLL01$h1101
=CAT  \\$a8962$b40$c20171123$lBLL01$h1343
=CAT  \\$aBATCH-UPD$b40$c20171123$lBLL01$h1344
=FIN  \\$aY$d20070113
=FMT  \\$a  BK
=LAS  \\$aBATCH-UPD$b40$c20171123$lBLL01$h1344
=SID  \\$aZ39$bLOC
=SRC  \\$aMOP01$bbibm1.200404.2.aa

