=LDR  01545 am a22004454a 4500
=001  008512221
=003  Uk
=005  20080610094206.0
=008  020607q20002002nr\\\\\\\b\\\\001\0\eng\d
=010  \\$a  2002403602
=020  \\$z9780390246 (pbk.)
=035  \\$a(OCoLC)ocm50673923
=040  \\$aNYP$cNYP$dIUL$dOCL$dDLC$dUk
=042  \\$aukblderived
=043  \\$af------
=050  00$aHC800.Z9$bE557 2000
=100  1\$aOjah, Okpo.
=245  10$aAfrica :$bbasic issues in cultural orientation for sustainable development /$cOkpo Ojah.
=260  \\$aLagos, Nigeria :$bCentre for Black and African Arts and Civilization (CBAAC),$c[between 2000 and 2002]
=300  \\$a116 p. ;$c22 cm.
=336  \\$atext$2rdacontent
=337  \\$aunmediated$2rdamedia
=338  \\$avolume$2rdacarrier
=504  \\$aIncludes bibliographical references and index.
=650  \0$aSustainable development$zAfrica.
=651  \0$aAfrica$xCivilization.
=651  \0$aAfrica$xEconomic policy.
=852  41$aBritish Library$bOC$jYD.2008.a.5374
=852  41$aBritish Library$bHMNTS
=856  41$3Table of contents$uhttp://www.loc.gov/catdir/toc/fy044/2002403602.html
=CAT  \\$aCONV$b00$c20040425$lBLL90$h0656
=CAT  \\$aCONV$b00$c20040502$lBLL01$h1255
=CAT  \\$a8440$b40$c20080610$lBLL01$h0942
=CAT  \\$aBATCH$b00$c20091209$lBLL01$h0205
=CAT  \\$aBATCH$b00$c20091214$lBLL01$h0325
=CAT  \\$aBATCH$b00$c20091216$lBLL01$h0105
=FIN  \\$aY$d20080610
=FMT  \\$a  BK
=LAS  \\$aBATCH$b00$c20091216$lBLL01$h0105
=SRC  \\$aBLL02

