=LDR  02763cam a2200769 u 4500
=001  006600564
=003  Uk
=005  20220331211136.0
=008  020215s2003\\\\ii\a\\\\\b\\\\101\0\eng\\
=010  \\$a2002022690
=015  \\$aGBA709097$2bnb
=016  7\$a006600564$2Uk
=019  g\$aadv5004267235
=019  a\$aG07554969
=020  \\$a0761996184 (US Hb) :$cNo price
=020  \\$a0761996192 (India Hb) :$cNo price
=035  \\$a(DLC) 2002022690
=035  \\$a(DLC)1245
=040  \\$aDLC$cDLC$dUk
=042  \\$aukblsr
=043  \\$aa-ii---$ae-gx---
=050  00$aHQ670
=050  00$aHQ670$b.F35 2003
=082  00$a306.850954$221
=245  00$aFamily and gender :$bchanging values in Germany and India /$ceditors Margrit Pernau, Imtiaz Ahmad, and Helmut Reifeld.
=260  \\$aNew Delhi ;$aLondon :$bSage Publications,$c2003.
=300  \\$a360 p. :$bill. ;$c23 cm.
=336  \\$atext$2rdacontent
=337  \\$aunmediated$2rdamedia
=338  \\$avolume$2rdacarrier
=504  \\$aIncludes bibliographical references and index.
=540  \\$aCurrent Copyright Fee: GBP26.00$c0$5Uk
=591  \\$aPapers.
=650  \0$aFamily$zIndia$vCongresses.
=650  \0$aFamily$zGermany$vCongresses.
=650  \0$aSex role$zIndia$vCongresses.
=650  \0$aSex role$zGermany$vCongresses.
=653  \\$afamily
=653  \\$agender
=690  7\$aSocial Welfare$2blcoll
=700  1\$aPernau, Margrit.
=700  1\$aAhmad, Imtiaz,$d1940-2023.
=700  1\$aReifeld, Helmut.
=852  41$aBritish Library$bHMNTS$jYC.2007.a.1374
=852  \\$aBritish Library$bDSC
=856  42$3Publisher description$uhttp://www.loc.gov/catdir/enhancements/fy0657/2002022690-d.html
=856  41$3Table of contents only$uhttp://www.loc.gov/catdir/enhancements/fy0657/2002022690-t.html
=886  2\$2blmarc$a010$b00$a2002022690
=966  \\$lACQUIS 04/02/2003
=CAT  \\$aCONV$b00$c20040502$lBLL01$h1145
=CAT  \\$aglobal_upd$b40$c20060416$lBLL01$h0217
=CAT  \\$aBATCH-UPD$b40$c20060714$lBLL01$h2355
=CAT  \\$a10883$b40$c20070201$lBLL01$h1054
=CAT  \\$aBATCH$b00$c20091207$lBLL01$h0203
=CAT  \\$aBATCH$b00$c20110625$lBLL01$h0325
=CAT  \\$aWR16_021$c20160608$lBLL01$h1729
=CAT  \\$aBATCH-CLAB$c20220330$lBLL01$h1615
=CAT  \\$aIPL-CLA$c20220331$lBLL01$h2111
=CAT  \\$aBATCH-UPD$b00$c20230623$lBLL01$h2121
=CFI  0\$aCurrent Copyright Fee: GBP26.00$c0$e01-apr-2022$fGBP26.00$g0$hC$5Uk
=CNF  \\$aFamily and gender: changing patterns of family and gender values in Europe and India (Workshop)$d(2000 Mar)
=FIN  \\$aY$d20070201
=FMT  \\$a  BK
=LAS  \\$aBATCH-UPD$b00$c20230623$lBLL01$h2121
=LEO  \\$aMP8.0001778341
=SID  \\$aZ39$bLOC
=SRC  \\$aDSC01$bbibmp8.200404.2.ac

