=LDR  02084caa a2200589 u 4500
=001  006612890
=003  Uk
=005  20230302174545.0
=008  020613s2003\\\\flua\\\\\b\\\\001\0\eng\\
=010  \\$a2002073622
=015  \\$aGBA524435$2bnb
=016  7\$a006612890$2Uk
=019  a\$aG07640014
=020  \\$a1584883545 :$cNo price
=040  \\$aUk$cUk$dUk
=042  \\$aukblsr
=050  00$aQA279$b.C69 2003
=082  00$a519.538$222
=100  1\$aCox, D. R.$q(David Roxbee)
=245  10$aComponents of variance /$cD.R. Cox, P.J. Solomon.
=260  \\$aBoca Raton, Fla. ;$aLondon :$bChapman & Hall/CRC,$cc2003.
=300  \\$ax, 169 p. :$bill. ;$c24 cm.
=336  \\$atext$2rdacontent
=337  \\$aunmediated$2rdamedia
=338  \\$avolume$2rdacarrier
=490  0\$aMonographs on statistics and applied probability ;$v97
=504  \\$aIncludes bibliographical references (p. 151-159) and indexes.
=540  \\$aCurrent Copyright Fee: GBP29.95$c0$5Uk
=650  \0$aAnalysis of variance.
=700  1\$aSolomon, P. J.
=852  41$aBritish Library$bHMNTS$jYK.2005.a.1808
=852  11$aBritish Library$bSTI
=852  41$aBritish Library$bDSC$j5917.677000$i97
=856  41$3Table of contents$uhttp://www.loc.gov/catdir/toc/fy034/2002073622.html
=945  \\$aMonographs on statistics and applied probability ; 97
=CAT  \\$aCONV$b00$c20040502$lBLL01$h1145
=CAT  \\$a7732$b40$c20050320$lBLL01$h0807
=CAT  \\$aglobal_upd$b40$c20060416$lBLL01$h0222
=CAT  \\$aBATCH$b00$c20091224$lBLL01$h2249
=CAT  \\$aWR16_021$c20160608$lBLL01$h1729
=CAT  \\$aBATCH-CLA$b00$c20160609$lBLL01$h0125
=CAT  \\$aBATCH-CLA$b00$c20221206$lBLL01$h1732
=CAT  \\$aIPL-CLA$c20221231$lBLL01$h1805
=CAT  \\$aBATCH-CLA$b00$c20230302$lBLL01$h1745
=CFI  0\$aCurrent Copyright Fee: GBP29.95$c0$e09-feb-2023$fGBP29.95$g0$hC$5Uk
=FIN  \\$aY$d20050320
=FMT  \\$a  BK
=LAS  \\$aBATCH-CLA$b00$c20230302$lBLL01$h1745
=LEO  \\$aMP8.0001805422
=SID  \\$aZ39$bLOC
=SRC  \\$aDSC01$bbibmp8.200404.2.ac
=TCO  \\$aCLA$bCLA$c008

