=LDR  02259pam a2200685 a 4500
=001  006897494
=003  Uk
=005  20050928101150.0
=008  030620s2004\\\\enka\\\\\b\\\\001\0\eng\\
=010  \\$a2003014226  
=015  \\$aGBA3T9791$2bnb
=016  7\$a006897494$2Uk
=019  g\$aadv5005250727
=019  a\$aG08012908
=019  y\$abA3T9791
=019  9\$a0415304784
=020  \\$a0415304784 (cased) :$c£60.00
=020  \\$a0415304792 (pbk.) :$c£19.99
=039  0\$a2765
=040  \\$aStDuBDS$dUk
=042  \\$aukblsr
=050  00$aLB2838$b.A77 2004
=082  00$a371.144$222
=245  00$aAssessing teacher effectiveness :$bdeveloping a differentiated model /$cJim Campbell ... [et al.].
=260  \\$aLondon :$bRoutledgeFalmer,$c2004.
=300  \\$aviii, 228 p. :$bill. ;$c23 cm.
=336  \\$atext$2rdacontent
=337  \\$aunmediated$2rdamedia
=338  \\$avolume$2rdacarrier
=500  \\$aFormerly CIP.$5Uk
=504  \\$aIncludes bibliographical references and index.
=650  \0$aTeachers$xRating of.
=650  \0$aTeacher effectiveness.
=700  1\$aCampbell, R. J.$q(Robert James).
=852  41$aBritish Library$bHMNTS
=852  41$aBritish Library$bDSC$jm04/15714
=856  41$3Table of contents$uhttp://www.loc.gov/catdir/toc/ecip045/2003014226.html
=966  \\$lACQUIS 17/02/2004
=CAT  \\$aCONV$b00$c20040425$lBLL90$h0534
=CAT  \\$aCONV$b00$c20040502$lBLL01$h1419
=CAT  \\$aCIP_LDO_M$b00$c20050604$lBLL01$h1534
=CAT  \\$a9678$b40$c20050922$lBLL01$h0941
=CAT  \\$a10750$b40$c20050927$lBLL01$h1336
=CAT  \\$a7000$b40$c20050928$lBLL01$h0928
=CAT  \\$a10750$b40$c20050928$lBLL01$h1011
=CAT  \\$aglobal_upd$b40$c20060417$lBLL01$h0302
=CAT  \\$aBATCH$b00$c20091118$lBLL01$h0157
=CAT  \\$aBATCH-UPD$b00$c20140117$lBLL01$h2044
=CAT  \\$aWR16_021$c20160608$lBLL01$h1732
=CAT  \\$aBATCH-UPD$b00$c20181010$lBLL01$h1903
=FIN  \\$aY$d20050928
=FMT  \\$a  BK
=LAS  \\$aBATCH-UPD$b00$c20181010$lBLL01$h1903
=LDO  \\$aCIP
=LEO  \\$aMP5.0000144504
=LEO  \\$aMP8.0001909972
=SRC  \\$aLDS01$bbiblm.200404.2.aa
=SRC  \\$aBNB03$bbibmp5.200404.2.aa
=SRC  \\$aDSC01$bbibmp8.200404.2.ac
=SRC  \\$aBLL02$bpart.2.ai

