=LDR  02315pam a2200673 a 4500
=001  006930329
=003  Uk
=005  20150615110335.0
=008  040426s2003\\\\nyua\\\\\\\\\\000\0aeng\d
=010  \\$a2004271840  
=015  \\$aGBA3X0629$2bnb
=016  7\$a006930329$2Uk
=019  y\$abA3X0629
=019  9\$a0743473981
=020  \\$a0743473981 :$c£17.99
=035  \\$a(OCoLC)ocm53093077
=039  0\$a2743
=040  \\$aStDuBDS$dUk
=042  \\$aukblsr
=043  \\$an-us---
=050  00$aGV1196.D86$bA3 2003
=082  04$a796.812092$222
=100  1\$aDumas, Amy.
=245  10$aLita :$ba less traveled R.O.A.D. : the reality of Amy Dumas /$cAmy Dumas with Michael Krugman.
=246  3\$aLita, a less traveled R.O.A.D.
=250  \\$a1st ed.
=260  \\$aNew York ;$aLondon :$bPocket Books ;$bWorld Wrestling Entertainment,$c2003.
=300  \\$a352 p. :$bill. (some col.) ;$c25 cm.
=336  \\$atext$2rdacontent
=337  \\$aunmediated$2rdamedia
=338  \\$avolume$2rdacarrier
=500  \\$aFormerly CIP.$5Uk
=500  \\$a"First pocket books hardcover edition September 2003"--T.p. verso.
=600  10$aDumas, Amy.
=610  24$aWorld Wrestling Federation.
=610  20$aWorld Wrestling Federation.
=650  \0$aWomen wrestlers$zUnited States$vBiography.
=700  1\$aKrugman, Michael.
=852  \\$aBritish Library$bHMNTS
=852  41$aBritish Library$bHMNTS$jYK.2005.a.16396
=856  42$3Contributor biographical information$uhttp://www.loc.gov/catdir/bios/simon053/2004271840.html
=856  42$3Publisher description$uhttp://www.loc.gov/catdir/description/simon052/2004271840.html
=CAT  \\$aCONV$b00$c20040425$lBLL90$h0536
=CAT  \\$aCONV$b00$c20040502$lBLL01$h1229
=CAT  \\$aCIP_LDO_M$b00$c20050604$lBLL01$h1501
=CAT  \\$a5004$b40$c20051110$lBLL01$h1627
=CAT  \\$a5004$b40$c20051110$lBLL01$h1633
=CAT  \\$aBATCH-UPD$b40$c20061228$lBLL01$h2048
=CAT  \\$a6491$b40$c20150615$lBLL01$h1058
=CAT  \\$a6491$b40$c20150615$lBLL01$h1103
=CAT  \\$aWR16_021$c20160608$lBLL01$h1740
=FIN  \\$aY$d20051110
=FMT  \\$a  BK
=LAS  \\$aWR16_021$b00$c20160608$lBLL01$h1740
=LDO  \\$aCIP
=LEO  \\$aMP5.0000215548
=SRC  \\$aLDS01$bbiblm.200404.2.aa
=SRC  \\$aBNB03$bbibmp5.200404.2.aa
=SRC  \\$aBLL02

