=LDR  02641 am a2200577 i 4500
=001  002703279
=003  Uk
=005  20180808143917.0
=008  101110s1818\\\\ru\f\\\\o\\\\\000\0\fre\d
=019  x\$a2412100152
=035  \\$a(OCoLC)680513820$z(OCoLC)656552538$z(OCoLC)667969204
=040  \\$aOCLCE$beng$cOCLCE$dOCLCQ$dUk$epn
=042  \\$aukblderived
=100  1\$aOlenin, A. N.$q(Alekseĭ Nikolaevich),$d1763-1843.
=245  10$aObservations sur une note de l'ouvrage intitulé: Peintures de Vases antiques. [With letterpress by A. L. Millin de Grandmaison.]
=264  \1$aSt. Pétersbourg :$bN. Gretsch,$c1818.
=300  \\$a95 pages :$billustrations, plate ;$c(12º)
=336  \\$atext$btxt$2rdacontent
=336  \\$atext$2rdacontent
=337  \\$aunmediated$2rdamedia
=338  \\$avolume$2rdacarrier
=340  \\$m12mo$2rdabf
=533  \\$aElectronic reproduction.$b[S.l.] :$cHathiTrust Digital Library,$d2010.$5MiAaHDL
=538  \\$aMaster and use copy. Digital master created according to Benchmark for Faithful Digital Reproductions of Monographs and Serials, Version 1. Digital Library Federation, December 2002.$uhttp://purl.oclc.org/DLF/benchrepro0212$5MiAaHDL
=650  \4$aArms & Armor.
=650  \0$aVases, Ancient.
=700  1\$aMillin, A. L.$q(Aubin Louis),$d1759-1818.
=852  41$aBritish Library$bHMNTS$jD-7702.c.1.(1.)
=852  41$aBritish Library$bHMNTS$jRB.23.a.38223
=852  41$aBritish Library$bHMNTS
=856  40$3Google$uhttp://books.google.com/books?id=iP1BAAAAYAAJ
=856  40$3HathiTrust Digital Library, Full view$uhttp://catalog.hathitrust.org/api/volumes/oclc/38658714.html
=886  2\$2blmarc$a709$b00$aMILLIN DE GRANDMAISON$hAubin Louis$tPeintures de Vases antiques recueillies par Millin, 1808 ... Publiées et commentées par S. Reinach, 1891.$p7702.c.1.(1.)$x2220900215
=985  \\$aCorrected by BSS-generated file for WR# 11/211
=985  \\$aCorrected by MS generated file for WR# 1805-0738
=CAT  \\$aCONV$b00$c20040502$lBLL01$h0948
=CAT  \\$c20050530$lBLL01$h1350
=CAT  \\$c20050622$lBLL01$h1707
=CAT  \\$aBATCH$b00$c20091130$lBLL01$h0050
=CAT  \\$aWR11_211$c20120420$lBLL01$h1716
=CAT  \\$aBLSS-CORR$b00$c20120420$lBLL01$h1801
=CAT  \\$a11853$b40$c20170518$lBLL01$h1505
=CAT  \\$a11853$b40$c20170518$lBLL01$h1507
=CAT  \\$a11937$b40$c20180808$lBLL01$h1439
=CAT  \\$a1805-0738$c20190121$lBLL01$h0827
=CAT  \\$a1805-0738$b00$c20190121$lBLL01$h0828
=FIN  \\$aY
=FMT  \\$a  BK
=LAS  \\$a1805-0738$b00$c20190121$lBLL01$h0828
=LEO  \\$aMP1.0002880026
=SRC  \\$aBLS01$bbibmp1.200404.2.ad

