=LDR  04741cam a2200841 i 4500
=001  017507704
=003  Uk
=005  20230924062817.0
=008  120220s2015\\\\okua\\\\\b\\\\001\0\eng\d
=020  \\$a9781560803294 (hardback)
=020  \\$a1560803290
=020  \\$z9781580603300 (electronic)
=020  \\$z9780931830464 (series)
=028  51$a120A$bSEG
=035  \\$a(OCoLC)913794885
=040  \\$aSEGPB$beng$cSEGPB$dOCLCO$dUk$erda
=042  \\$aukblsr
=050  \4$aTA654.6$bY545 2015
=082  04$a624.1762$223
=100  10$aYilmaz, Özdoğan,$eauthor.
=245  10$aEngineering seismology :$bwith applications to geotechnical engineering /$cÖz Yilmaz ; Richard D. Miller, editor.
=264  \1$aTulsa, Okla. (8801 South Yale St., Tulsa OK 74137-3175) :$bSociety of Exploration Geophysicists,$c2015.
=300  \\$ax, 954 pages :$billustrations (black and white, and colour), maps (colour) ;$c29 cm.
=336  \\$atext$2rdacontent
=336  \\$astill image$2rdacontent
=337  \\$aunmediated$2rdamedia
=338  \\$avolume$2rdacarrier
=490  1\$aInvestigations in geophysics ;$vno. 17
=500  \\$a"SEG Press books."
=504  \\$aIncludes bibliographical references (pages 943-949) and index.
=505  0\$aIntroduction -- 1. Seismic waves -- 2. Seismic modeling of the soil column -- 3. Site characterization -- 4. Landslide investigations -- 5. Active fault investigations -- 6. Seismic microzonation -- 7. Geophysical investigations of historic buildings -- 8. Exploration of earth resources -- Appendix A. Mathematical foundation of elastic wave propagation -- Appendix B. Body waves -- Appendix C. Surface waves -- Appendix D. The discrete radon transform -- Appendix E. The generalized linear inversion -- References -- Index.
=510  0\$aPetroleum abstracts
=520  \\$aThe scope of engineering seismology includes geotechnical site investigations for buildings and engineering infrastructures, such as dams, levees, bridges, and tunnels, landslide and active-fault investigations, seismic microzonation, and geophysical investigations of historic buildings. These projects require multidisciplinary participation by the geologist, geophysicist, and geotechnical and earthquake engineers. A key objective of this book (SEG Investigations in Geophysics Series No. 17) by Öz Yilmaz is to encourage the specialists from these disciplines to apply the seismic method to solve the many challenging engineering problems they face. The broader scope of engineering seismology also includes exploration of earth resources, including groundwater exploration, coal and mineral exploration, and geothermal exploration. While focusing on the application of the seismic method to geotechnical site investigations, this book includes many case studies in all of the applications of engineering seismology.
=530  \\$aAlso available in electronic form.$uhttp://http://library.seg.org/doi/book/10.1190/1.9781560803300
=540  \\$aBritish Library not licensed to copy$c0$5Uk
=650  \0$aEarthquake engineering.
=650  \0$aEngineering geology.
=653  \\$aP- and S-wave velocities in soils
=653  \\$aSurface waves
=653  \\$aRayleigh waves
=653  \\$aLove waves
=653  \\$aTraveltime inversion
=653  \\$aRayleigh-wave inversion
=653  \\$aDispersion spectrum
=653  \\$aFundamental mode
=653  \\$aMultichannel analysis of surface waves
=653  \\$aBorehole velocity measurements
=653  \\$aP-S suspension logging
=653  \\$aGeotechnical site characterization
=653  \\$aLandslide investigations
=653  \\$aActive fault investigations
=653  \\$aGeophysical investigations of historic buildings
=653  \\$aGround penetrating radar surveys
=653  \\$aGroundwater exploration
=653  \\$aCoal exploration
=653  \\$aMineral exploration
=653  \\$aGeothermal exploration
=710  2\$aSociety of Exploration Geophysicists,$epublisher.
=830  \0$aInvestigations in geophysics ;$vno. 17.
=852  41$aBritish Library$bDSC$j4559.420000
=852  41$aBritish Library$bSTI
=856  42$3Ordering information:$uhttp://shop.seg.org/OnlineStore/ProductDetail/tabid/177/Default.aspx?ProductId=6175893
=CAT  \\$a8411$b40$c20150826$lBLL01$h1427
=CAT  \\$a8411$b40$c20150826$lBLL01$h1428
=CAT  \\$a11250$b40$c20150828$lBLL01$h0903
=CAT  \\$aBATCH-CLA$b00$c20150829$lBLL01$h0137
=CAT  \\$aW2308-1659$c20230923$lBLL01$h0953
=CAT  \\$aBATCH-CLA$b00$c20230924$lBLL01$h0628
=CFI  0\$aBritish Library not licensed to copy$c0$e07-sep-2011$hC$iTX$5Uk
=FIN  \\$aY$d20150828
=FMT  \\$a  BK
=LAS  \\$aBATCH-CLA$b00$c20230924$lBLL01$h0628
=SID  \\$aZ39$bOCLC

