=LDR  05049cam a2200805 i 4500
=001  016252326
=003  Uk
=005  20230930114746.0
=008  130118s2013\\\\flua\\\\\b\\\\001\0\eng\\
=010  \\$a2012050922  
=015  \\$aGBB303806$2bnb
=016  7\$a016252326$2Uk
=020  \\$a9781466551688 (hbk.) :$c£99.00
=020  \\$z9781466551695 (ebook) :$c£99.00
=040  \\$aStDuBDS$beng$cStDuBDS$dUk
=042  \\$aukblsr
=050  00$aQD506$b.G86 2013
=082  00$a541.33$223
=100  1\$aGunʹko, Vladimir M.
=245  10$aNuclear magnetic resonance studies of interfacial phenomena /$cVladimir M. Gunʹko, Chuiko Institute of Surface Chemistry of National Academy of Sciences of Ukraine, Vladimir V. Turov, Chuiko Institute of Surface Chemistry of National Academy of Sciences of Ukraine,.
=264  \1$aBoca Raton :$bCRC Press/Taylor & Francis Group,$c[2013]
=300  \\$axxviii, 1012 pages :$billustrations ;$c26 cm.
=336  \\$atext$2rdacontent
=337  \\$aunmediated$2rdamedia
=338  \\$avolume$2rdacarrier
=490  0\$aSurfactant science series ;$v154
=500  \\$aFormerly CIP.$5Uk
=504  \\$aIncludes bibliographical references (pages 951-1003) and index.
=520  \\$a"Preface Properties of high surface area materials and their efficiency of application strongly depend on boundary effects and interfacial phenomena. These phenomena include diffusion of adsorbate and solvent molecules at the surface of the adsorbent, physisorption and chemisorption, dissolution, solvation of solutes and solid surfaces, surface reactions, heterogeneous catalysis, relaxation and segmental dynamics of adsorbed macromolecules, phase transitions, crystallization, and melting, among others. Many of the physicochemical characterization methods give very useful and complementary information regarding complex interfacial phenomena. These methods include nuclear magnetic resonance (NMR) spectroscopy, infrared (FTIR) and other optical spectroscopic methods, differential scanning calorimetry (DSC), adsorption of probe compounds, x-ray diffraction (XRD), Auger electron spectroscopy, ultrasoft x-ray emission spectroscopy, x-ray photoelectron spectroscopy (XPS), dielectric relaxation spectroscopy (DRS), and thermally stimulated depolarization current (TSDC), among others. Among these, NMR spectroscopy is the most universal, yielding very detailed structural information regarding molecules, solids, and interfaces. NMR provides information on molecular diffusion, phase transitions, melting, crystallization, relaxation, adsorption, reaction kinetics, and so on. There are a number of NMR techniques for measuring pore sizes, the two main being NMR cryoporometry, which is based on the pore-size dependence of the melting temperature of a mobile phase, and NMR relaxometry, which is based on transverse relaxation times that are sensitive to confined-space effects"--$cProvided by publisher.
=540  \\$aBritish Library not licensed to copy$c0$5Uk
=650  \0$aSurface chemistry.
=650  \0$aSurface tension.
=650  \0$aAdsorption.
=650  \0$aAbsorption.
=650  \0$aNuclear magnetic resonance spectroscopy.
=650  \7$aSCIENCE / Chemistry / Physical & Theoretical.$2bisacsh
=650  \7$aSCIENCE / Spectroscopy & Spectrum Analysis.$2bisacsh
=650  \7$aTECHNOLOGY & ENGINEERING / Material Science.$2bisacsh
=700  1\$aTurov, Vladimir V.
=852  41$aBritish Library$bSTI
=852  41$aBritish Library$bDSC$j8548.100000
=856  42$3Cover image$uhttp://jacketsearch.tandf.co.uk/common/jackets/covers/websmall/978146655/9781466551688.jpg
=ACF  \\$aPrevious Copyright Fee: GBP25.00$c0$e01-jan-2014$fGBP25.00$g0$hC$5Uk
=BUF  \\$aN$d20130521
=CAT  \\$aBATCH-CIPN$b00$c20130115$lBLL01$h1701
=CAT  \\$aBATCH-UPD$b00$c20130115$lBLL01$h1709
=CAT  \\$aBATCH-CIPC$b00$c20130411$lBLL01$h1150
=CAT  \\$aBATCH-UPD$b00$c20130411$lBLL01$h1307
=CAT  \\$a7164$b40$c20130521$lBLL01$h0926
=CAT  \\$aBATCH-CLA$b00$c20130522$lBLL01$h0045
=CAT  \\$aBATCH-CLA$b00$c20131202$lBLL01$h0340
=CAT  \\$aBATCH-BUOC$b00$c20131213$lBLL01$h0007
=CAT  \\$aBATCH-CLA$b00$c20131214$lBLL01$h0036
=CAT  \\$aIPL-CLA$c20140101$lBLL01$h0207
=CAT  \\$aBATCH-CLA$b00$c20140102$lBLL01$h0324
=CAT  \\$aWR16_021$c20160708$lBLL01$h1804
=CAT  \\$aBATCH-CLA$b00$c20160709$lBLL01$h0108
=CAT  \\$aBATCH-CLA$b00$c20210328$lBLL01$h1318
=CAT  \\$aIPL-CLA$c20210331$lBLL01$h1900
=CAT  \\$aBATCH-CLA$b00$c20221206$lBLL01$h1727
=CAT  \\$aIPL-CLA$c20221231$lBLL01$h2319
=CAT  \\$aBATCH-CLA$b00$c20230302$lBLL01$h1817
=CAT  \\$aBATCH-CLA$b00$c20230921$lBLL01$h1421
=CAT  \\$aIPL-CLA$c20230930$lBLL01$h1147
=CFI  0\$aBritish Library not licensed to copy$c0$e01-oct-2023$hC$iCFP Excluded$5Uk
=CFI  2\$aPrevious Copyright Fee: GBP45.00$c0$e09-feb-2023$fGBP45.00$g0$hC$5Uk
=FIN  \\$aY$d20130521
=FMT  \\$a  BK
=LAS  \\$aIPL-CLA$b00$c20230930$lBLL01$h1147
=TCO  \\$aTRS$bCCC$c008

