=LDR  04326cam a22006137a 4500
=001  016324250
=003  Uk
=005  20131031134313.0
=008  130403s2013\\\\vaua\\\\\b\\\\001\0\eng\c
=020  \\$a9780939950904 (pbk.)
=020  \\$a0939950901 (pbk.)
=035  \\$a(OCoLC)835140338
=040  \\$aEXG$cEXG$dIAO$dUk
=042  \\$aukblderived
=082  04$a577.144$223
=245  00$aCarbon in Earth /$ceditors, Robert M. Hazen ; Adrian P. Jones ; and John A. Baross.
=260  \\$aChantilly, Virginia :$bMineralogical Society of America ;$a[St. Louis, Missouri] :$bGeochemical Society,$c2013.
=300  \\$axv, 698 p. :$bill. (some col.) ;$c23 cm.
=336  \\$atext$2rdacontent
=337  \\$aunmediated$2rdamedia
=338  \\$avolume$2rdacarrier
=490  1\$aReviews in mineralogy and geochemistry,$x1529-6466 ;$vv. 75
=500  \\$a"This volume was supported by a grant from the: Deep Carbon Observatory"--P. [4] of cover.
=504  \\$aIncludes bibliographical references and index.
=505  0\$aWhy deep carbon? / Robert M. Hazen, Craig M. Schiffries -- Carbon mineralogy and crystal chemistry / Robert M. Hazen, ... [et al.] -- Structure, bonding, and mineralogy of carbon at extreme conditions / Artem R. Oganov, ... [et al.] -- Carbon mineral evolution / Robert M. Hazen, ... [et al.] -- The chemistry of carbon in aqueous fluids at crystal and upper-mantle conditions : experimental and theoretical constraints / Craig E. Manning, Everett L. Shock, Dimitri A. Sverjensky -- Primordial origins of Earth's carbon / Bernard Marty, Conel M. O'D. Alexander, Sean N. Raymond -- Ingassing, storage, and outgassing of terrestrial carbon through geologic time / Rajdeep Dasgupta -- Carbon in the core : its influence on the properties of core and mantle / Bernard J. Wood, Jie Li, Anat Shahar -- Carbon in silicate melts / Huaiwei Ni, Hans Keppler -- Carbonate melts and carbonatites / Adrian P. Jones, Matthew Genge, Laura Carmody -- Deep carbon emissions from volcanoes / Michael R. Burton, Georgina M. Sawyer, Domenico Granieri -- Diamonds and the geology of mantle carbon / Steven B. Shirey, ... [et al.] -- Nanoprobes for deep carbon / Wendy L. Mao, Eglantine Boulard -- On the origins of deep hydrocarbons / Mark A. Sephton, Robert M.Hazen -- Laboratory simulations of abiotic hydrocarbon formation in Earth's deep subsurface / Thomas M. McCollom -- Hydrocarbon behavior at nanoscale interfaces / David R. Cole, ... [et al.] -- Nature and extent of the deep biosphere / Frederick S. Colwell, Steven D'Hondt -- Serpentinization, carbon, and deep life / Matthew O. Schrenk, William J. Brazelton, Susan Q. Lang -- High-pressure biochemistry and biophysics / Filip Meersman, ... [et al.] -- The deep viriosphere : assessing the viral impact on microbial community dynamics in the deep subsurface / Rika E. Anderson, William J. Brazelton, John A. Baross.
=540  \\$aCurrent Copyright Fee: GBP2.40$c0$5Uk
=650  \0$aCarbon cycle (Biogeochemistry)
=700  1\$aHazen, Robert M.,$d1948-$eeditor of compilation.
=700  1\$aJones, Adrian P.,$eeditor of compilation.
=700  1\$aBaross, John A.,$eeditor of compilation.
=710  2\$aMineralogical Society of America.
=710  2\$aGeochemical Society.
=710  2\$aCarnegie Institution of Washington.$bDeep Carbon Observatory.
=830  \0$aReviews in mineralogy and geochemistry ;$vv. 75.
=852  11$aBritish Library$bSTI$k(P)$h553.6$m-E(1)
=852  71$aBritish Library$bSTI
=852  41$aBritish Library$bDSC$j7793.125000
=856  40$3GeoScienceWorld$uhttp://rimg.geoscienceworld.org/content/75/1.toc
=CAT  \\$a8411$b40$c20130423$lBLL01$h1141
=CAT  \\$a8411$b40$c20130423$lBLL01$h1142
=CAT  \\$aBATCH-CLA$b00$c20130429$lBLL01$h0153
=CAT  \\$aBATCH-CLA$b00$c20130508$lBLL01$h0718
=CAT  \\$aBATCH-CLA$b00$c20130602$lBLL01$h0157
=CAT  \\$aIPL-CLA$c20130701$lBLL01$h0157
=CAT  \\$aBATCH-CLA$b00$c20130902$lBLL01$h0143
=CAT  \\$aIPL-CLA$c20130930$lBLL01$h1817
=CAT  \\$a9665$b40$c20131031$lBLL01$h1343
=CAT  \\$aBATCH-CLA$b00$c20131101$lBLL01$h0039
=CFI  0\$aCurrent Copyright Fee: GBP2.40$c0$e01-oct-2013$fGBP2.40$g0$hC$5Uk
=FIN  \\$aY$d20130423
=FMT  \\$a  BK
=LAS  \\$aBATCH-CLA$b00$c20131101$lBLL01$h0039
=SID  \\$aZ39$bOCLC
=TCO  \\$aTRS$bCCC$c008

