=LDR  03205cam a2200745 a 4500
=001  016418317
=003  Uk
=005  20221231232224.0
=008  130510s2012\\\\it\abf\\\b\\\\001\0\ita\d
=010  \\$a2013381181
=020  \\$a9782728309467 :
=035  \\$a(ItFiC)it 13170759
=040  \\$aItFiC$cItFiC$dDLC$dUk
=042  \\$aukblcatcopy
=043  \\$ae-it---
=050  00$aDG975.L82$bG58 2013
=100  1\$aGiuli, Matteo,$d1980-
=245  13$aIl governo di ogni giorno :$bl'amministrazione quotidiana in uno Stato di antico regime (Lucca, XVII-XVIII secolo) /$cMatteo Giuli.
=260  \\$aRome :$bÉcole française de Rome,$c2012.
=300  \\$aviii, 588 p., 16 p. of plates :$bill., maps ;$c24 cm.
=336  \\$atext$2rdacontent
=337  \\$aunmediated$2rdamedia
=338  \\$avolume$2rdacarrier
=490  0\$aCollection de l'École française de Rome,$x0223-5099 ;$v471
=504  \\$aIncludes bibliographical references (p. [535]-557) and index.
=540  \\$aCurrent Copyright Fee: GBP25.00$c0$5Uk
=650  \0$aFinance, Public$zItaly$zLucca$xHistory$y17th century.
=650  \0$aFinance, Public$zItaly$zLucca$xHistory$y18th century.
=651  \0$aLucca (Italy)$xPolitics and government$y17th century.
=651  \0$aLucca (Italy)$xPolitics and government$y18th century.
=651  \0$aLucca (Italy)$xEconomic policy.
=852  41$aBritish Library$bDSC$j3310.417000
=852  41$aBritish Library$bHMNTS$jAc.5233.a.[....]
=852  41$aBritish Library$bHMNTS
=852  41$aBritish Library$bHMNTS$jAc.5233.a.[471]
=856  41$3Table of contents only$uhttp://www.loc.gov/catdir/toc/casalini11/13170759.pdf
=ACF  \\$aPrevious copyright fee: GBP12.00$c0$e01-jan-2012$fGBP12.00$g0$hA$5Uk
=ACF  \\$aPrevious Copyright Fee: GBP12.30$c0$e01-jan-2014$fGBP12.30$g0$hA$5Uk
=ACF  \\$aPrevious Copyright Fee: GBP15.00$c0$e01-jan-2017$fGBP15.00$g0$hA$5Uk
=ACF  \\$aPrevious Copyright Fee: GBP20.00$c0$e01-jan-2020$fGBP20.00$g0$hA$5Uk
=CAT  \\$a8411$b40$c20130528$lBLL01$h1207
=CAT  \\$a8411$b40$c20130528$lBLL01$h1208
=CAT  \\$aBATCH-CLA$b00$c20130529$lBLL01$h0041
=CAT  \\$a8197$b40$c20130529$lBLL01$h1213
=CAT  \\$aBATCH-CLA$b00$c20130530$lBLL01$h0036
=CAT  \\$aBATCH-CLA$c20131220$lBLL01$h2121
=CAT  \\$aIPL-CLA$c20140101$lBLL01$h0211
=CAT  \\$aBATCH-CLA$b00$c20161222$lBLL01$h1836
=CAT  \\$aIPL-CLA$c20161231$lBLL01$h0011
=CAT  \\$aBATCH-CLA$b00$c20171222$lBLL01$h2214
=CAT  \\$aIPL-CLA$c20171231$lBLL01$h1819
=CAT  \\$aBATCH-CLA$b00$c20191219$lBLL01$h1759
=CAT  \\$aIPL-CLA$c20191231$lBLL01$h2034
=CAT  \\$aR2001-1524$c20200127$lBLL01$h2100
=CAT  \\$aBATCH-CLA$b00$c20200128$lBLL01$h0448
=CAT  \\$aBATCH-CLA$b00$c20201204$lBLL01$h1610
=CAT  \\$aIPL-CLA$c20201231$lBLL01$h2337
=CAT  \\$aBATCH-CLA$b00$c20221221$lBLL01$h1927
=CAT  \\$aIPL-CLA$c20221231$lBLL01$h2322
=CFI  0\$aCurrent Copyright Fee: GBP25.00$c0$e01-jan-2023$fGBP25.00$g0$hA$5Uk
=CFI  2\$aPrevious Copyright Fee: GBP22.50$c0$e01-jan-2021$fGBP22.50$g0$hA$5Uk
=FIN  \\$aY$d20130528
=FMT  \\$a  BK
=LAS  \\$aIPL-CLA$b00$c20221231$lBLL01$h2322
=SID  \\$aZ39$bLOC

