=LDR  03651cam a2200517 i 4500
=001  018267295
=003  Uk
=005  20170317161736.0
=008  161028s2016\\\\okua\\\\\b\\\\001\0\eng\d
=020  \\$a156080324X
=020  \\$a9781560803249 (Volume)
=020  \\$a9780931830464 (Series)
=020  \\$a093183046X (Series)
=035  \\$a(OCoLC)961250825
=040  \\$aYDX$beng$cYDX$dSEGPB$dOCLCO$dOCLCQ$dOCLCF$dYDX$dFXG$dUKPUB$dUk$erda
=042  \\$aukblcatcopy
=050  \4$aTN269$b.V477 2016
=082  04$a622/.1592$223
=100  1\$aVernik, Lev,$eauthor.
=245  10$aSeismic petrophysics in quantitative interpretation /$cLev Vernick ; Rebecca Latimer, managing editor ; Tad Smith, volume editor.
=264  \1$aTulsa, OK :$bSociety of Exploration Geophysicists,$c[2016]
=300  \\$axi, 213 pages :$billustrations ;$c29 cm.
=336  \\$atext$btxt$2rdacontent
=337  \\$aunmediated$bn$2rdamedia
=338  \\$avolume$bnc$2rdacarrier
=490  1\$aInvestigations in Geophysics ;$vno.18
=504  \\$aIncludes bibliographical references and index.
=505  0\$aPetrophysics of siliciclastic rocks -- Pore pressure and stress state -- Seismic rock properties and rock physics -- AVO analysis : rock-physics basis -- Simultaneous AI-SI inversion and N/G computation -- Seismic petrophysics of unconventional reservoirs -- Geomechanics of organic shales -- Seismic analysis in unconventional shale.
=520  3\$aExploration and characterization of conventional and unconventional reservoirs using seismic technologies are among the main activities of upstream technology groups and business units of oil and gas operators. However, these activities frequently encounter difficulties in quantitative seismic interpretation due to remaining confusion and new challenges in the fast developing field of seismic petrophysics. Seismic Petrophysics in Quantitative Interpretation shows how seismic interpretation can be made simple and robust by integration of the rock physics principles with seismic and petrophysical attributes bearing on the properties of both conventional (thickness, net/gross, lithology, porosity, permeability, and saturation) and unconventional (thickness, lithology, organic richness, thermal maturity) reservoirs. Practical solutions to existing interpretation problems in rock physics-based amplitude versus offset (AVO) analysis and inversion are addressed in the book to streamline the workflows in subsurface characterization. Although the book is aimed at oil and gas industry professionals and academics concerned with utilization of seismic data in petroleum exploration and production, it could also prove helpful for geotechnical and completion engineers and drillers seeking to better understand how seismic and sonic data can be more thoroughly utilized.
=540  \\$aBritish Library not licensed to copy$c0$5Uk
=650  \0$aSeismic prospecting.
=650  \0$aPetroleum$xGeology.
=650  \7$aPetroleum$xGeology.$2fast$0(OCoLC)fst01059280
=650  \7$aSeismic prospecting.$2fast$0(OCoLC)fst01111259
=830  \0$aInvestigations in geophysics ;$vno.18.
=852  41$aBritish Library$bDSC$j4559.420000
=852  41$aBritish Library$bSTI
=856  42$3Ordering information:$uhttp://shop.seg.org/Online-Store/Product-Detail/ProductId/15563143
=CAT  \\$a9701$b40$c20170317$lBLL01$h1614
=CAT  \\$a9701$b40$c20170317$lBLL01$h1617
=CAT  \\$aBATCH-CLA$b00$c20170318$lBLL01$h0112
=CFI  0\$aBritish Library not licensed to copy$c0$e07-sep-2011$hC$iTX$5Uk
=FIN  \\$aY$d20170317
=FMT  \\$a  BK
=LAS  \\$aBATCH-CLA$b00$c20170318$lBLL01$h0112
=SID  \\$aZ39$bOCLC

