=LDR  02363cam a2200517 a 4500
=001  015113075
=003  Uk
=005  20090724111803.0
=008  061120s2007\\\\ncua\\\\\b\\\s001\0\eng\\
=010  \\$a  2006038982
=016  7\$a015113075$2Uk
=020  \\$a9780807830857 (cloth : alk. paper)
=020  \\$a0807830852 (cloth : alk. paper)
=035  \\$a(OCoLC)ocm76901778
=035  \\$a(OCoLC)76901778$z(OCoLC)144220646
=040  \\$aDLC$cDLC$dBTCTA$dBAKER$dC#P$dYDXCP$dDLC$dUk
=042  \\$aukblsr
=043  \\$an-us---
=050  00$aZ473$b.I53 2007
=082  00$a381.45002097309034$222
=245  04$aThe industrial book, 1840-1880 /$cedited by Scott E. Casper ... [et. al.].
=260  \\$aChapel Hill :$bPublished in association with the American Antiquarian Society by the University of North Carolina Press,$cc2007.
=300  \\$axix, 539 p. :$bill. ;$c25 cm.
=336  \\$atext$2rdacontent
=337  \\$aunmediated$2rdamedia
=338  \\$avolume$2rdacarrier
=490  0\$aA history of the book in America ;$vv. 3
=504  \\$aIncludes bibliographical references (p. [425]-510) and index.
=505  0\$aManufacturing and book production -- Labor and labor organization -- Authors and literary authorship -- The national book trade system -- The role of government -- Alternative publishing systems -- Periodicals and serial publication -- Ideologies and practices of reading -- Sites of reading -- Cultures of print -- Alternative communication practices and the industrial book.
=650  \0$aBook industries and trade$zUnited States$xHistory$y19th century.
=650  \0$aPublishers and publishing$zUnited States$xHistory$y19th century.
=650  \0$aBooks and reading$zUnited States$xHistory$y19th century.
=690  7\$aManagement and Business Studies$2blcoll
=700  1\$aCasper, Scott E.
=852  41$aBritish Library$bHMNTS$jYC.2010.a.12092
=852  41$aBritish Library$bHMNTS
=856  41$3Table of contents only$uhttp://www.loc.gov/catdir/toc/ecip076/2006038982.html
=CAT  \\$a8229$b40$c20090416$lBLL01$h1223
=CAT  \\$a11317$b40$c20090724$lBLL01$h1118
=CAT  \\$aBATCH-MBS$c20100924$lBLL01$h2046
=CAT  \\$aWR16_021$c20160624$lBLL01$h1814
=CAT  \\$aW2308-1659$c20230923$lBLL01$h1017
=FIN  \\$aY$d20090724
=FMT  \\$a  BK
=LAS  \\$aW2308-1659$b00$c20230923$lBLL01$h1017
=SRC  \\$aBLL02

