=LDR  04141cam a2200721 i 4500
=001  016493739
=003  Uk
=005  20140321110148.0
=008  130904s2013\\\\vaua\\\\\b\\\|000\0|eng\d
=020  \\$a9780939950911 (paperback)
=020  \\$a093995091X (paperback)
=035  \\$a(OCoLC)857589004
=040  \\$aCTN$beng$cCTN$dOSU$dUk$erda
=042  \\$aukblsr
=050  \4$aQC809.F5$bT44 2013
=082  04$a551.23$223
=245  00$aThermodynamics of geothermal fluids /$ceditors, Andri Stefánsson, University of Iceland, Reykjavik, Iceland ; Thomas Driesner, ETH Zurich, Zurich, Switzerland ; Pascale Bénézeth, CNRS-Université de Toulouse, Toulouse, France.
=264  \1$aChantilly, Virginia :$bThe Mineralogical Society of America ;$a[St. Louis, Missouri] :$bGeochemical Society,$c[2013]
=264  \4$c©2013
=300  \\$ax, 350 pages :$billustrations (black and white) ;$c23 cm.
=336  \\$atext$2rdacontent
=337  \\$aunmediated$2rdamedia
=338  \\$avolume$2rdacarrier
=490  1\$aReviews in mineralogy and geochemistry,$x1529-6466 ;$vVolume 76
=500  \\$a"All supplemental materials associated with this volume can be found at the MSA website."--From the series editor.
=500  \\$aSeries editor: Jodi J. Rosso.
=504  \\$aIncludes bibliographical references.
=505  0\$aIntroduction to the volume -- References -- The molecular-scale fundament of geothermal fluid thermodynamics / Thomas Driesner -- Thermodynamics of aqueous species at high temperatures and pressures: equations of state and transport theory / David Dolejš -- Mineral solubility and aqueous speciation hydrothermal conditions to 300°C - the carbonate system as an example / Pascale Bénézeth, Andri Stefánsson, Quentin Gautier, Jacques Schott -- Thermodynamic modeling of fluid-rock interaction at mid-crustal to upper-mantle conditions / Craig E. Manning -- Speciation and transport of metals and metalloids in geological vapors / Gleb S. Pokrovski, Anastassia Y. Borisova, Andrey Y. Bychkov -- Solution calorimetry under hydrothermal conditions / Peter Tremaine, Hugues Arcis -- Structure and thermodynamics of subduction zone fluids from spectroscopic studies / Carmen Sanchez-Valle -- Thermodynamics and organic transformations in hydrothermal fluids / Everett L. Shock, Peter Canovas, Ziming Yang, Grayson Boyer, Kristin Johnson, Kirtland Robinson, Kristopher Fecteau, Todd Windman, Alysia Cox.
=540  \\$aCurrent Copyright Fee: GBP5.16$c0$5Uk
=650  \0$aGeothermal resources.
=650  \0$aFluid dynamics.
=650  \0$aThermodynamics.
=700  1\$aStefánsson, Andri,$eeditor.
=700  1\$aDriesner, Thomas,$eeditor.
=700  1\$aBénézeth, Pascale,$eeditor.
=710  2\$aMineralogical Society of America,$epublisher.
=710  2\$aGeochemical Society,$epublisher.
=830  \0$aReviews in mineralogy and geochemistry,$x1529-6466 ;$vv. 76.
=852  11$aBritish Library$bSTI$k(P)$h553.6$m-E(1)
=852  71$aBritish Library$bSTI
=852  41$aBritish Library$bDSC$j7793.125000
=856  40$3GeoScienceWorld$uhttp://rimg.geoscienceworld.org/content/76/1.toc
=CAT  \\$a7233$b40$c20130910$lBLL01$h1320
=CAT  \\$aBATCH-CLA$b00$c20130911$lBLL01$h0037
=CAT  \\$a8980$b40$c20130916$lBLL01$h1223
=CAT  \\$aBATCH-CLA$b00$c20130917$lBLL01$h0034
=CAT  \\$aIPL-CLA$c20130930$lBLL01$h1818
=CAT  \\$aBATCH-CLA$b00$c20131002$lBLL01$h0133
=CAT  \\$aBATCH-CLA$b00$c20131003$lBLL01$h0043
=CAT  \\$aBATCH-CLA$b00$c20131202$lBLL01$h0341
=CAT  \\$aIPL-CLA$c20140101$lBLL01$h0215
=CAT  \\$a8980$b40$c20140321$lBLL01$h1101
=CAT  \\$aBATCH-CLA$b00$c20140322$lBLL01$h0035
=CAT  \\$aBATCH-UPD$b00$c20150907$lBLL01$h1400
=CAT  \\$aBATCH-CLA$b00$c20150908$lBLL01$h0121
=CAT  \\$aIPL-CLA$c20150930$lBLL01$h1849
=CFI  0\$aCurrent Copyright Fee: GBP5.16$c0$e01-oct-2015$fGBP5.16$g0$hC$5Uk
=CFI  2\$aPrevious Copyright Fee: GBP5.33$c0$e01-apr-2015$fGBP5.33$g0$hC$5Uk
=FIN  \\$aY$d20130916
=FMT  \\$a  BK
=LAS  \\$aIPL-CLA$b00$c20150930$lBLL01$h1849
=SID  \\$aZ39$bOCLC
=TCO  \\$aTRS$bCCC$c008

