=LDR  02584cam a2200637 a 4500
=001  016541420
=003  Uk
=005  20221231232526.0
=008  130510s2012\\\\it\a\\\\\ab\\\001\0\fre\d
=010  \\$a  2013381180
=020  \\$a9782728309597 :
=035  \\$a(ItFiC)it 13170635
=040  \\$aItFiC$cItFiC$dDLC$dUk
=041  0\$afre$aeng$aita$beng
=042  \\$aukblcatcopy
=043  \\$ae-it---
=050  00$aML290.8.R79$bM99 2012
=245  03$aLa musique à Rome au XVIIe siècle :$bétudes et perspectives de recherche /$cétudes réunies par Caroline Giron-Panel et Anne-Madeleine Goulet.
=246  3\$aMusique à Rome au 17e siècle
=246  3\$aMusique à Rome au dix-septième siècle
=260  \\$aRome :$bÉcole française de Rome,$c2012.
=300  \\$axiv, 478 p. :$bill. ;$c24 cm.
=336  \\$atext$2rdacontent
=337  \\$aunmediated$2rdamedia
=338  \\$avolume$2rdacarrier
=490  0\$aCollection de l'École française de Rome,$x0223-5099 ;$v466
=504  \\$aIncludes bibliographical references and indexes.
=540  \\$aCurrent Copyright Fee: GBP25.00$c0$5Uk
=546  \\$aEssays in French, English, and Italian; abstracts in English.
=650  \0$aMusic$zItaly$zRome$y17th century$xHistory and criticism.
=700  1\$aGiron-Panel, Caroline.
=700  1\$aGoulet, Anne-Madeleine.
=852  41$aBritish Library$bDSC$j3310.417000
=852  41$aBritish Library$bHMNTS$jAc.5233.a.[....]
=852  41$aBritish Library$bHMNTS
=852  41$aBritish Library$bHMNTS$jAC.5233.a.[466]
=856  41$3Table of contents only$uhttp://www.loc.gov/catdir/toc/casalini11/13170635.pdf
=ACF  \\$aPrevious Copyright Fee: GBP20.00$c0$e01-jan-2020$fGBP20.00$g0$hA$5Uk
=CAT  \\$a8197$b40$c20131112$lBLL01$h1407
=CAT  \\$a8411$b40$c20140103$lBLL01$h1426
=CAT  \\$aBATCH-CLA$b00$c20180705$lBLL01$h0109
=CAT  \\$aBATCH-CLA$b00$c20191219$lBLL01$h1800
=CAT  \\$aIPL-CLA$c20191231$lBLL01$h2036
=CAT  \\$aR2001-1524$c20200127$lBLL01$h2101
=CAT  \\$aBATCH-CLA$b00$c20200128$lBLL01$h0448
=CAT  \\$aBATCH-CLA$b00$c20201204$lBLL01$h1611
=CAT  \\$aIPL-CLA$c20201231$lBLL01$h2339
=CAT  \\$aBATCH-CLA$b00$c20221221$lBLL01$h1928
=CAT  \\$aIPL-CLA$c20221231$lBLL01$h2325
=CFI  0\$aCurrent Copyright Fee: GBP25.00$c0$e01-jan-2023$fGBP25.00$g0$hA$5Uk
=CFI  2\$aPrevious Copyright Fee: GBP22.50$c0$e01-jan-2021$fGBP22.50$g0$hA$5Uk
=FIN  \\$aY$d20131112
=FMT  \\$a  BK
=LAS  \\$aIPL-CLA$b00$c20221231$lBLL01$h2325
=SRC  \\$aBLL02
=TCO  \\$aITA$bAIDRO / SIAE$c008

