=LDR  02224cam a22005894i 4500
=001  016599622
=003  Uk
=005  20140507133328.0
=008  130128s2012\\\\ii\a\\\\\b\\\\000\0\eng\\
=010  \\$a2013315549
=015  \\$aGBB449311$2bnb
=016  7\$a016599622$2Uk
=020  \\$a9788171889525 (hardback)
=020  \\$a8171889522 (hardback)
=020  \\$z9781552505489 (e-book)
=020  \\$z9788171889099 (ebook)
=020  \\$z8171889093 (ebook)
=035  \\$a(OCoLC)826017816$z(OCoLC)815825031$z(OCoLC)816026326
=040  \\$aNLC$beng$cNLC$dYDXCP$dDLC$dZCU$dNDD$dIUL$dBTCTA$dBWX$dCNMML$dDKAGE$dUk$erda
=042  \\$aukblsr
=043  \\$aa-ii---
=050  \4$aHC435.3$b.J43 2012
=055  06$aCOP.CA.2.2013-763
=082  14$a338.954$223
=100  1\$aJha, Veena,$d1959-$eauthor.
=245  10$aIndia emerging :$bthe reality checks /$cVeena Jha.
=264  \1$aNew Delhi :$bAcademic Foundation,$c2012.
=300  \\$a374 pages :$billustrations (black and white) ;$c23 cm
=336  \\$atext$2rdacontent
=337  \\$aunmediated$2rdamedia
=338  \\$avolume$2rdacarrier
=504  \\$aIncludes bibliographical references.
=530  \\$aAlso available electronically.
=651  \0$aIndia$xEconomic conditions$y21st century$vStatistics.
=651  \0$aIndia$xSocial conditions$y21st century$vStatistics.
=690  7\$aManagement and Business Studies$2blcoll
=710  2\$aAcademic Foundation (New Delhi, India),$epublisher.
=852  41$aBritish Library$bOC
=852  41$aBritish Library$bHMNTS$jYC.2014.a.5107
=852  41$aBritish Library$bOC$jYP.2014.a.2830
=856  42$3Contributor biographical information$uhttp://catdir.loc.gov/catdir/enhancements/fy1306/2013315549-b.html
=856  42$3Publisher description$uhttp://catdir.loc.gov/catdir/enhancements/fy1306/2013315549-d.html
=CAT  \\$a9701$b40$c20140108$lBLL01$h1434
=CAT  \\$a5751$b40$c20140319$lBLL01$h1633
=CAT  \\$aBATCH-MBS$c20140328$lBLL01$h2137
=CAT  \\$a5375$b40$c20140507$lBLL01$h1333
=CAT  \\$aWR16_021$c20160713$lBLL01$h1805
=CAT  \\$aW2308-1659$c20230923$lBLL01$h1023
=FIN  \\$aY$d20140319
=FMT  \\$a  BK
=LAS  \\$aW2308-1659$b00$c20230923$lBLL01$h1023
=SID  \\$aZ39$bOCLC

