=LDR  02336cam a2200625 i 4500
=001  016632340
=003  Uk
=005  20230302181854.0
=008  140212s2014\\\\flua\\\\\b\\\\001\0\eng|d
=010  \\$a2013046970  
=015  \\$aGBB419413$2bnb
=016  7\$a016632340$2Uk
=020  \\$a9781466555334 (hbk.) :$c£44.99
=040  \\$aStDuBDS$beng$cStDuBDS$dUk$erda
=042  \\$aukblsr
=082  00$a660.2842$223
=100  1\$aPlawsky, Joel L.,$d1957-
=245  10$aTransport phenomena fundamentals /$cJoel L. Plawsky.
=250  \\$a3rd edition.
=264  \1$aBoca Raton :$bCRC Press,$c[2014]
=300  \\$axxi, 816 pages :$billustrations (black and white) ;$c27 cm.
=336  \\$atext$2rdacontent
=336  \\$astill image$2rdacontent
=337  \\$aunmediated$2rdamedia
=338  \\$avolume$2rdacarrier
=490  0\$aChemical industries ;$v138
=500  \\$aFormerly CIP.$5Uk
=504  \\$aIncludes bibliographical references and index.
=540  \\$aCurrent Copyright Fee: GBP45.00$c0$5Uk
=650  \0$aTransport theory.
=650  \7$aSCIENCE / Chemistry / Industrial & Technical.$2bisacsh
=650  \7$aSCIENCE / Physics.$2bisacsh
=852  41$aBritish Library$bSTI
=852  41$aBritish Library$bDSC$j3147.030000
=852  11$aBritish Library$bSTI$k(B)$h660.2842$ivol. 138
=856  42$3Cover image$uhttp://images.tandf.co.uk/common/jackets/websmall/978146655/9781466555334.jpg
=ACF  \\$aPrevious Copyright Fee: GBP25.00$c0$e01-jan-2014$fGBP25.00$g0$hC$5Uk
=BUF  \\$aN$d20140325
=CAT  \\$aBATCH-CIPN$b00$c20140218$lBLL01$h1700
=CAT  \\$a7164$b40$c20140325$lBLL01$h1107
=CAT  \\$aBATCH-CLA$b00$c20140326$lBLL01$h0052
=CAT  \\$aBATCH-BUOC$b00$c20150305$lBLL01$h2123
=CAT  \\$aBATCH-CLA$b00$c20150306$lBLL01$h0037
=CAT  \\$aBATCH-CLA$b00$c20150314$lBLL01$h0051
=CAT  \\$aWR16_021$c20160713$lBLL01$h1810
=CAT  \\$aBATCH-CLA$b00$c20210328$lBLL01$h1323
=CAT  \\$aIPL-CLA$c20210331$lBLL01$h1902
=CAT  \\$aBATCH-CLA$b00$c20221206$lBLL01$h1749
=CAT  \\$aIPL-CLA$c20221231$lBLL01$h2327
=CAT  \\$aBATCH-CLA$b00$c20230302$lBLL01$h1818
=CFI  0\$aCurrent Copyright Fee: GBP45.00$c0$e09-feb-2023$fGBP45.00$g0$hC$5Uk
=FIN  \\$aY$d20140325
=FMT  \\$a  BK
=LAS  \\$aBATCH-CLA$b00$c20230302$lBLL01$h1818
=TCO  \\$aTRS$bCCC$c008

