=LDR  06072cam a22010817i 4500
=001  016656278
=003  Uk
=005  20230924063233.0
=008  131119t20132013couab\\\\b\\\\000\0\eng\d
=020  \\$a9780813724997 (pbk.)
=020  \\$a0813724996 (pbk.)
=035  \\$a(OCoLC)863221502
=040  \\$aAZS$beng$cAZS$dAZS$dWEA$dMTG$dHDC$dYDXCP$dNUI$dIQU$dIAD$dIDU$dZLM$dKSU$dUk$erda
=042  \\$aukblderived
=043  \\$an-usp--
=050  \4$aQE511.42$b.N46 2013
=050  14$aQE627.15.G73 2013
=050  14$aQE604$b.N46 2013
=050  14$aQE1$b.G43 no. 499
=050  14$aQE1$b.G215 no. 499
=082  04$a551.8$223
=245  00$aNeogene Deformation between Central Utah and the Mojave Desert /$cedited by R. Ernest Anderson.
=264  \1$aBoulder, Colorado :$bGeological Society of America,$c2013.
=264  \4$c©2013
=300  \\$avi, 94 pages :$billustrations (some color), maps (some color) ;$c28 cm.
=336  \\$atext$btxt$2rdacontent
=337  \\$aunmediated$bn$2rdamedia
=338  \\$avolume$bnc$2rdacarrier
=490  1\$aSpecial paper / Geological Society of America ;$v499
=504  \\$aIncludes bibliographical references.
=505  00$tAnalysis of Neogene deformation between Beaver, Utah and Barstow, California : suggestions for altering the extensional paradigm --$tOn the importance of non-uniform tilt, strike slip, and hydrogeology in shaping the Neogene tectonics of the eastern Lake Mead area.
=520  \\$a"This book is a must-read for researchers interested in extensional tectonics in general and the Neogene tectonics of the Basin and Range in particular, because it challenges, on the basis of more than 50 years of field studies, the existing paradigm of province-wide uniformly large extension and replaces it with a model integrating extension with extension-normal shortening-both as primary strains. The first chapter takes the reader on two journeys southwestward from central Utah through the Lake Mead area: the first to emphasize the lack of uniformly distributed or integrated extension and the second to highlight left-lateral shear at 13 localities along the east margin of the Basin and Range that is kinematically compatible with right-lateral shear along the west margin. The compatibility provides a basis for understanding the extreme Neogene tectonics of the Lake Mead area. The second chapter summarizes multifaceted field evidence from the well-studied eastern Lake Mead area as a focused example of the need for a complete revision of the extensional paradigm." -- Publisher's description.
=530  \\$aAlso issued online.
=540  \\$aCurrent Copyright Fee: GBP7.30$c0$5Uk
=650  \0$aNeotectonics$zGreat Basin.
=650  \0$aRock deformation$zGreat Basin.
=650  \0$aFaults (Geology)$zGreat Basin.
=650  \0$aStrike-slip faults (Geology)$zGreat Basin.
=650  \0$aGeology, Structural$zGreat Basin.
=650  \0$aGeology, Stratigraphic$yNeogene.
=700  1\$aAnderson, R. Ernest$q(Roy Ernest),$eeditor.
=710  2\$aGeological Society of America,$eissuing body.
=830  \0$aSpecial papers (Geological Society of America) ;$v499.
=852  41$aBritish Library$bSTI
=852  41$aBritish Library$bDSC$j8368.000000
=852  11$aBritish Library$bSTI$k(B)$h551.8
=856  40$3GSA$uhttp://specialpapers.gsapubs.org/content/499
=ACF  \\$aPrevious Copyright Fee: GBP6.06$c0$e01-jul-2014$fGBP6.06$g0$hC$5Uk
=ACF  \\$aPrevious Copyright Fee: GBP6.67$c0$e01-apr-2015$fGBP6.67$g0$hC$5Uk
=ACF  \\$aPrevious Copyright Fee: GBP6.45$c0$e01-oct-2015$fGBP6.45$g0$hC$5Uk
=ACF  \\$aPrevious Copyright Fee: GBP6.90$c0$e01-apr-2016$fGBP6.90$g0$hC$5Uk
=ACF  \\$aPrevious Copyright Fee: GBP7.41$c0$e01-oct-2016$fGBP7.41$g0$hC$5Uk
=ACF  \\$aPrevious Copyright Fee: GBP8.00$c0$e01-apr-2017$fGBP8.00$g0$hC$5Uk
=ACF  \\$aPrevious Copyright Fee: GBP7.60$c0$e01-oct-2017$fGBP7.60$g0$hC$5Uk
=ACF  \\$aPrevious Copyright Fee: GBP7.69$c0$e01-jan-2018$fGBP7.69$g0$hC$5Uk
=ACF  \\$aPrevious Copyright Fee: GBP7.14$c0$e01-apr-2018$fGBP7.14$g0$hC$5Uk
=ACF  \\$aPrevious Copyright Fee: GBP7.69$c0$e01-oct-2018$fGBP7.69$g0$hC$5Uk
=ACF  \\$aPrevious Copyright Fee: GBP8.00$c0$e01-oct-2019$fGBP8.00$g0$hC$5Uk
=ACF  \\$aPrevious Copyright Fee: GBP7.69$c0$e01-apr-2020$fGBP7.69$g0$hC$5Uk
=ACF  \\$aPrevious Copyright Fee: GBP8.00$c0$e01-jul-2020$fGBP8.00$g0$hC$5Uk
=ACF  \\$aPrevious Copyright Fee: GBP7.44$c0$e01-apr-2021$fGBP7.44$g0$hC$5Uk
=ACF  \\$aPrevious Copyright Fee: GBP7.22$c0$e01-jul-2021$fGBP7.22$g0$hC$5Uk
=CAT  \\$a8411$b40$c20140320$lBLL01$h1538
=CAT  \\$aIPL-CLA$c20170331$lBLL01$h1919
=CAT  \\$aBATCH-CLA$b00$c20170921$lBLL01$h1829
=CAT  \\$aIPL-CLA$c20170929$lBLL01$h1805
=CAT  \\$aBATCH-CLA$b00$c20171221$lBLL01$h1306
=CAT  \\$aIPL-CLA$c20171231$lBLL01$h1823
=CAT  \\$aBATCH-CLA$b00$c20180319$lBLL01$h1757
=CAT  \\$aIPL-CLA$c20180331$lBLL01$h1708
=CAT  \\$aBATCH-CLA$b00$c20180920$lBLL01$h1623
=CAT  \\$aIPL-CLA$c20180930$lBLL01$h1516
=CAT  \\$aBATCH-CLA$b00$c20190924$lBLL01$h1911
=CAT  \\$aIPL-CLA$c20190930$lBLL01$h1653
=CAT  \\$aBATCH-CLA$b00$c20200325$lBLL01$h1247
=CAT  \\$aIPL-CLA$c20200331$lBLL01$h1631
=CAT  \\$aBATCH-CLA$b00$c20200619$lBLL01$h1537
=CAT  \\$aIPL-CLA$c20200701$lBLL01$h0116
=CAT  \\$aBATCH-CLA$b00$c20210328$lBLL01$h1316
=CAT  \\$aIPL-CLA$c20210331$lBLL01$h1902
=CAT  \\$aBATCH-CLA$b00$c20210617$lBLL01$h1357
=CAT  \\$aIPL-CLA$c20210704$lBLL01$h1125
=CAT  \\$aBATCH-CLA$b00$c20210928$lBLL01$h1502
=CAT  \\$aIPL-CLA$c20210930$lBLL01$h1657
=CAT  \\$aBATCH-CLA$b00$c20211222$lBLL01$h1610
=CAT  \\$aIPL-CLA$c20211231$lBLL01$h1734
=CAT  \\$aW2308-1659$c20230923$lBLL01$h1024
=CAT  \\$aBATCH-CLA$b00$c20230924$lBLL01$h0632
=CFI  0\$aCurrent Copyright Fee: GBP7.30$c0$e01-jan-2022$fGBP7.30$g0$hC$5Uk
=FIN  \\$aY$d20140320
=FMT  \\$a  BK
=LAS  \\$aBATCH-CLA$b00$c20230924$lBLL01$h0632
=SID  \\$aZ39$bOCLC

