=LDR  04157cam a2200613 i 4500
=001  016688792
=003  Uk
=005  20180611133942.0
=008  140103s2014\\\\nju\\\\\\b\\\\001\0\eng\\
=010  \\$a2013050492  
=015  \\$aGBB441422$2bnb
=016  7\$a016688792$2Uk
=020  \\$a9781118854303 (hbk.) :$c£66.95
=040  \\$aStDuBDS$beng$cStDuBDS$dUk$erda
=042  \\$aukblsr
=050  00$aQE508$b.F88 2014
=082  00$a304.2$223
=245  00$aFuture Earth :$badvancing civic understanding of the anthropocene /$cDiana Dalbotten, Gillian Roehrig, Patrick Hamilton, editors.
=264  \1$aHoboken, New Jersey :$bAmerican Geophysical/John Wiley & Sons Inc. ,$c2014.
=300  \\$axi, 131 pages ;$c29 cm.
=336  \\$atext$2rdacontent
=337  \\$aunmediated$2rdamedia
=338  \\$avolume$2rdacarrier
=490  0\$aGeophysical monograph series,$x0065-8445$v203
=500  \\$aFormerly CIP.$5Uk
=504  \\$aIncludes bibliographical references and index.
=505  8\$aMachine generated contents note: Future Earth--Advancing Civic Understanding of the Anthropocene Acknowledgements Preface Patrick Hamilton Chapter 1. Welcome to the Anthropocene Patrick Hamilton Chapter 2. The Anthropocene and the Framework for K-12 Science Education Fred N. Finley Chapter 3. Teacher Professional Development in the Anthropocene Devarati Bhattacharya, Gillian Roehrig, Anne Kern, and Mindy Howard Chapter 4. Climate Literacy and Scientific Reasoning Shiyu Liu, Keisha Varma, and Gillian Roehrig Chapter 5. Evaluation and Assessment of Civic Understanding of Planet Earth Julie C. Libarkin Chapter 6. Community-Driven Research in the Anthropocene Rajul Pandya Chapter 7. Geoscience Alliance: Building Capacity to Use Science for Sovereignty in Native Communities Nievita Bueno Watts, Wendy Smythe, Emily Geraghty Ward, Diana Dalbotten, Vanessa Green, Merv Tano, and Antony Berthelote Chapter 8. New Voices: The Role of Undergraduate Geoscience Research in Supporting Alternative Perspectives on the Anthropocene Diana Dalbotten, Rebecca Haaker-Santos, and Suzanne Zurn-Birkhimer Chapter 9. Shaping the Public Dialogue on Climate Change William Spitzer Chapter 10. Opportunities for Communicating Ocean Acidification to Visitors at Informal Science Education Institutions Douglas Meyer and Bill Mott Chapter 11. City-wide Collaborations for Urban Climate Education Steven Snyder, Rita Mukherjee Hoffstadt, Lauren B. Allen, Kevin Crowley, Daniel Bader, and Radley Horton Chapter 12. On Bridging the Journalism/Science Divide Bud Ward .
=520  \\$a"Future Earth is a valuable practical guide for scientists from all disciplines including geoscientists, museum curators, science educators, and public policy makers"--$cProvided by publisher.
=540  \\$aCurrent Copyright Fee: GBP26.60$c0$5Uk
=650  \0$aGeological time.
=650  \0$aGlobal environmental change.
=650  \0$aCommunication in science.
=650  \7$aSCIENCE / Earth Sciences / General.$2bisacsh
=700  1\$aDalbotten, Diana,$d1959-$eeditor of compilation.
=700  1\$aHamilton, Patrick,$d1958-$eeditor of compilation.
=700  1\$aRoehrig, Gillian,$d1968-$eeditor of compilation.
=776  08$iOnline version:$tFuture Earth$w(DLC) 2014001545$dHoboken, New Jersey : John Wiley & Sons Inc. , 2014$z9781118854198
=852  11$aBritish Library$bSTI
=852  71$aBritish Library$bDSC$j4154.500000
=852  41$aBritish Library$bHMNTS$jYK.2014.b.7989
=856  42$3Cover image$uhttp://catalogimages.wiley.com/images/db/jimages/9781118854303.jpg
=BUF  \\$aN$d20140722
=CAT  \\$aBATCH-CIPN$b00$c20140415$lBLL01$h1700
=CAT  \\$a7164$b40$c20140722$lBLL01$h1304
=CAT  \\$aBATCH-CLA$b00$c20140723$lBLL01$h0054
=CAT  \\$aBATCH-BUOC$b00$c20150205$lBLL01$h2122
=CAT  \\$aBATCH-UPD$b00$c20150205$lBLL01$h2123
=CAT  \\$aWR16_021$c20160714$lBLL01$h1808
=CAT  \\$a8411$b40$c20180611$lBLL01$h1339
=CAT  \\$aBATCH-CLA$b00$c20180612$lBLL01$h0111
=CFI  0\$aCurrent Copyright Fee: GBP26.60$c0$e01-oct-2017$fGBP26.60$g0$hC$5Uk
=FIN  \\$aY$d20140722
=FMT  \\$a  BK
=LAS  \\$aBATCH-CLA$b00$c20180612$lBLL01$h0111

