=LDR  06311cam a22009857i 4500
=001  016706049
=003  Uk
=005  20230924063233.0
=008  131217s2013\\\\couab\\\\b\\\\000\0\eng\d
=020  \\$a9780813724980
=020  \\$a0813724988
=035  \\$a(OCoLC)865510835
=040  \\$aNMT$cNMT$dYDXCP$dNUI$dCRU$dXII$dMTG$dALM$dUk$erda
=042  \\$aukblderived
=043  \\$anc-----
=050  \4$aQE524.2.C35$bU53 2013
=050  \4$aQE1$b.G47 no.498
=245  00$aUnderstanding open-vent volcanism and related hazards /$cedited by William I. Rose, José Luis Palma, Hugo Delgado Granados, Nick Varley.
=264  \1$aBoulder, Colorado :$bGeological Society of America,$c2013.
=300  \\$axiii, 230 pages :$billustrations (some color), maps (some color) ;$c28 cm.
=336  \\$atext$btxt$2rdacontent
=337  \\$aunmediated$bn$2rdamedia
=338  \\$avolume$bnc$2rdacarrier
=490  1\$aSpecial paper ;$v498
=504  \\$aIncludes bibliographical references.
=505  0\$aOpen-vent volcanism and related hazards: Overview -- A 50 yr eruption of a basaltic composite cone: Pacaya, Guatemala -- Crater lake evolution at Santa Ana Volcano (El Salvador) following the 2005 eruption -- Continuous subsidence associated with the long-lasting eruption of Arenal Volcano (Costa Rica) observed by dry-tilt stations -- A pilot GPS study of Santa Ana Volcano (Ilamatepec) and Coatepeque caldera, El Salvador -- Gravity and geodesy of Concepción Volcano, Nicaragua -- An analysis of the seismic activity of Popocatépetl Volcano, Mexico, associated with the eruptive period of December 2002 to February 2003: Looking for precursors -- Temporal changes in eruptive behavior identified with coda wave interferometry and seismo-acoustic observations at Fuego Volcano, Guatemala -- Insights into explosion dynamics and the production of ash at Stromboli from samples collected in real-time, October 2009 -- Large-volume Barriles and Caisán debris avalanche deposits from Volcán Barú, Panama -- Hazards related to lava tubes and caves in the Sierra Chichinautzin monogenetic volcanic field (México) -- Estimation of tephra-fall and lahar hazards at Hudson Volcano, southern Chile: Insights from numerical models -- Explosive volcanic history and hazard zonation maps of Boquerón Volcano (San Salvador volcanic complex, El Salvador).
=520  3\$aSpecial Paper 498 contains 12 new scientific papers, assembled as part of an NSF-sponsored workshop in 2011. The work highlights study of persistently active volcanoes and their hazards, mostly in Central America. Such volcanoes are termed "open vents" by volcanologists, and they offer the chance to study active processes. Insight into how volcanoes work and how hazards might be mitigated are the goals of the work. Overall, the volume presents insight into hazards infrastructure collaborations and development for geoscientists and students.
=540  \\$aCurrent Copyright Fee: GBP7.30$c0$5Uk
=650  \0$aVolcanism$zCentral America.
=700  1\$aRose, William I.$q(William Ingersoll),$d1944-$eeditor.
=700  1\$aPalma, José Luis,$eeditor.
=700  1\$aDelgado-Granados, Hugo,$d1957-$eeditor.
=700  1\$aVarley, Nick,$d1963-$eeditor.
=710  2\$aGeological Society of America.
=830  \0$aSpecial papers (Geological Society of America) ;$v498.
=852  41$aBritish Library$bSTI
=852  41$aBritish Library$bDSC$j8368.000000
=856  41$3GSA$uhttp://specialpapers.gsapubs.org/content/498
=ACF  \\$aPrevious Copyright Fee: GBP6.25$c0$e01-jan-2014$fGBP6.25$g0$hC$5Uk
=ACF  \\$aPrevious Copyright Fee: GBP6.06$c0$e01-jul-2014$fGBP6.06$g0$hC$5Uk
=ACF  \\$aPrevious Copyright Fee: GBP6.67$c0$e01-apr-2015$fGBP6.67$g0$hC$5Uk
=ACF  \\$aPrevious Copyright Fee: GBP6.45$c0$e01-oct-2015$fGBP6.45$g0$hC$5Uk
=ACF  \\$aPrevious Copyright Fee: GBP6.90$c0$e01-apr-2016$fGBP6.90$g0$hC$5Uk
=ACF  \\$aPrevious Copyright Fee: GBP7.41$c0$e01-oct-2016$fGBP7.41$g0$hC$5Uk
=ACF  \\$aPrevious Copyright Fee: GBP8.00$c0$e01-apr-2017$fGBP8.00$g0$hC$5Uk
=ACF  \\$aPrevious Copyright Fee: GBP7.60$c0$e01-oct-2017$fGBP7.60$g0$hC$5Uk
=ACF  \\$aPrevious Copyright Fee: GBP7.69$c0$e01-jan-2018$fGBP7.69$g0$hC$5Uk
=ACF  \\$aPrevious Copyright Fee: GBP7.14$c0$e01-apr-2018$fGBP7.14$g0$hC$5Uk
=ACF  \\$aPrevious Copyright Fee: GBP7.69$c0$e01-oct-2018$fGBP7.69$g0$hC$5Uk
=ACF  \\$aPrevious Copyright Fee: GBP8.00$c0$e01-oct-2019$fGBP8.00$g0$hC$5Uk
=ACF  \\$aPrevious Copyright Fee: GBP7.69$c0$e01-apr-2020$fGBP7.69$g0$hC$5Uk
=ACF  \\$aPrevious Copyright Fee: GBP8.00$c0$e01-jul-2020$fGBP8.00$g0$hC$5Uk
=ACF  \\$aPrevious Copyright Fee: GBP7.44$c0$e01-apr-2021$fGBP7.44$g0$hC$5Uk
=ACF  \\$aPrevious Copyright Fee: GBP7.22$c0$e01-jul-2021$fGBP7.22$g0$hC$5Uk
=CAT  \\$a7233$b40$c20140502$lBLL01$h1418
=CAT  \\$aIPL-CLA$c20170331$lBLL01$h1920
=CAT  \\$aBATCH-CLA$b00$c20170921$lBLL01$h1829
=CAT  \\$aIPL-CLA$c20170929$lBLL01$h1805
=CAT  \\$aBATCH-CLA$b00$c20171221$lBLL01$h1306
=CAT  \\$aIPL-CLA$c20171231$lBLL01$h1824
=CAT  \\$aBATCH-CLA$b00$c20180319$lBLL01$h1757
=CAT  \\$aIPL-CLA$c20180331$lBLL01$h1708
=CAT  \\$aBATCH-CLA$b00$c20180920$lBLL01$h1623
=CAT  \\$aIPL-CLA$c20180930$lBLL01$h1516
=CAT  \\$aBATCH-CLA$b00$c20190924$lBLL01$h1911
=CAT  \\$aIPL-CLA$c20190930$lBLL01$h1653
=CAT  \\$aBATCH-CLA$b00$c20200325$lBLL01$h1247
=CAT  \\$aIPL-CLA$c20200331$lBLL01$h1631
=CAT  \\$aBATCH-CLA$b00$c20200619$lBLL01$h1537
=CAT  \\$aIPL-CLA$c20200701$lBLL01$h0116
=CAT  \\$aBATCH-CLA$b00$c20210328$lBLL01$h1316
=CAT  \\$aIPL-CLA$c20210331$lBLL01$h1902
=CAT  \\$aBATCH-CLA$b00$c20210617$lBLL01$h1357
=CAT  \\$aIPL-CLA$c20210704$lBLL01$h1125
=CAT  \\$aBATCH-CLA$b00$c20210928$lBLL01$h1502
=CAT  \\$aIPL-CLA$c20210930$lBLL01$h1657
=CAT  \\$aBATCH-CLA$b00$c20211222$lBLL01$h1610
=CAT  \\$aIPL-CLA$c20211231$lBLL01$h1734
=CAT  \\$aW2308-1659$c20230923$lBLL01$h1025
=CAT  \\$aBATCH-CLA$b00$c20230924$lBLL01$h0632
=CFI  0\$aCurrent Copyright Fee: GBP7.30$c0$e01-jan-2022$fGBP7.30$g0$hC$5Uk
=FIN  \\$aY$d20140502
=FMT  \\$a  BK
=LAS  \\$aBATCH-CLA$b00$c20230924$lBLL01$h0632
=SID  \\$aZ39$bOCLC

