=LDR  05727cam a2200709 i 4500
=001  016872963
=003  Uk
=005  20230930114946.0
=008  140903t20152015flua\\\\\b\\\\001\0\eng\\
=010  \\$a2014034796  
=015  \\$aGBB4A2078$2bnb
=016  7\$a016872963$2Uk
=020  \\$a9781439874202 (hbk.)
=020  \\$z9781439874219 (PDF ebook)
=040  \\$aStDuBDS$beng$cStDuBDS$dUk$erda
=042  \\$aukblsr
=050  00$aRA1224.3$b.P43 2015
=082  00$a615.902$223
=245  00$aPharmaceutical industry practices on genotoxic impurities /$cedited by Heewon Lee, Boehringer Ingelheim Pharmaceuticals, Inc., Ridgefield, Connecticut, USA.
=264  \1$aBoca Raton :$bCRC Press, Taylor & Francis Group,$c[2015].
=300  \\$axviii, 517 pages :$billustrations ;$c24 cm.
=336  \\$atext$2rdacontent
=337  \\$aunmediated$2rdamedia
=338  \\$avolume$2rdacarrier
=490  0\$aChromatographic science series ;$vvolume 107
=500  \\$aFormerly CIP.$5Uk
=504  \\$aIncludes bibliographical references and index.
=520  \\$a"A great deal of confusion and uncertainty over genotoxic impurity (GTI) identification, assessment, and control exists in the pharmaceutical industry today. Pharmaceutical Industry Practices on Genotoxic Impurities strives to facilitate scientific and systematic consensus on GTI management by presenting rationales, strategies, methods, interpretations, practices, and case studies from the pharmaceutical industry. Featuring the contributions of industry leaders from nine major pharmaceutical companies, this authoritative text:Explores the safety, quality, and regulatory aspects of GTIsProvides an overview of the latest FDA and EMEA guidelinesExplains the how and why of various GTI control tactics and practicesDescribes genotoxicity evaluation, acceptable exposure calculation, and analytical methods for testingIncludes real-life examples of GTI control in drug substance and drug product development processesContaining case studies from large and small pharmaceutical firms in multiple geographical regions, Pharmaceutical Industry Practices on Genotoxic Impurities supplies an overview of and a current framework for GTI control in the pharmaceutical industry, demonstrating how proper management of GTIs can occur with the appropriate guidance, a firm grasp of the practical implications, and effective information sharing between disciplines"--$cProvided by publisher.
=520  \\$a"Preface According to the World Health Organization's International Agency for Research on Cancer (IARC) (Technical Publication No. 24, 1994), genotoxicity is defined as structural changes at the level of a gene. It is also defined as a broad term that refers to any deleterious change in the genetic material regardless of the mechanism by which the change is induced, as stated by ICH S2(R1), "Guidance on Genotoxicity Testing and Data Interpretation for Pharmaceuticals Intended for Human Use." Genotoxic compounds have the theoretical potential to damage DNA at any level of exposure, leading to tumor development. This makes the toxicological assessment and determination of acceptable limits of genotoxic impurities (GTIs) difficult. GTIs have become an intensely debated topic in the pharmaceutical industry in recent years. My experiences in the internal and external discussions in meetings and conferences indicate that there is a great deal of confusion and uncertainty over identification, assessment, and control of GTIs. GTIs require different rationale and strategies from "regular" or "ordinary" impurities. Proper management of GTIs entails appropriate guidance and strategies, effective communication between various disciplines, sharing information and results, and understanding of the overall implications. The goal of this book is to present the rationale, strategies, methods, interpretation, practices, and case studies in the pharmaceutical industry in order to facilitate scientific and systematic consensus establishment on GTIs"--$cProvided by publisher.
=540  \\$aBritish Library not licensed to copy$c0$5Uk
=650  \0$aGenetic toxicology.
=650  \0$aDrugs$xToxicology.
=650  \7$aMEDICAL / Pharmacology.$2bisacsh
=650  \7$aSCIENCE / Chemistry / Analytic.$2bisacsh
=650  \7$aSCIENCE / Research & Methodology.$2bisacsh
=700  1\$aLee, Heewon,$eeditor.
=852  41$aBritish Library$bDSC$j3182.821000
=852  41$aBritish Library$bSTI
=856  42$3Cover image$uhttp://images.tandf.co.uk/common/jackets/websmall/978143987/9781439874202.jpg
=ACF  \\$aPrevious Copyright Fee: GBP25.00$c0$e01-jan-2014$fGBP25.00$g0$hC$5Uk
=BUF  \\$aN$d20141007
=CAT  \\$aBATCH-CIPN$b00$c20140923$lBLL01$h1700
=CAT  \\$a8411$b40$c20141007$lBLL01$h1137
=CAT  \\$aBATCH-CLA$b00$c20141008$lBLL01$h0054
=CAT  \\$aBATCH-BUOC$b00$c20150430$lBLL01$h2120
=CAT  \\$aWR16_021$c20160715$lBLL01$h1818
=CAT  \\$a8411$b40$c20170306$lBLL01$h1616
=CAT  \\$aBATCH-CLA$b00$c20170307$lBLL01$h0116
=CAT  \\$aBATCH-CLA$b00$c20170316$lBLL01$h0117
=CAT  \\$aBATCH-CLA$b00$c20210328$lBLL01$h1325
=CAT  \\$aIPL-CLA$c20210331$lBLL01$h1902
=CAT  \\$aBATCH-CLA$b00$c20221206$lBLL01$h1756
=CAT  \\$aIPL-CLA$c20221231$lBLL01$h2330
=CAT  \\$aBATCH-CLA$b00$c20230302$lBLL01$h1819
=CAT  \\$aBATCH-CLA$b00$c20230921$lBLL01$h1423
=CAT  \\$aIPL-CLA$c20230930$lBLL01$h1149
=CFI  0\$aBritish Library not licensed to copy$c0$e01-oct-2023$hC$iCFP Excluded$5Uk
=CFI  2\$aPrevious Copyright Fee: GBP45.00$c0$e09-feb-2023$fGBP45.00$g0$hC$5Uk
=FIN  \\$aY$d20141007
=FMT  \\$a  BK
=LAS  \\$aIPL-CLA$b00$c20230930$lBLL01$h1149
=TCO  \\$aTRS$bCCC$c008

