=LDR  03387cam a22008297i 4500
=001  016933677
=003  Uk
=005  20230924064731.0
=008  140326s2013\\\\it\af\\\\b\\\\001\0\fre\d
=020  \\$a9782728309634
=020  \\$a2728309639
=035  \\$a(OCoLC)884275577
=040  \\$aNARDE$beng$cNARDE$dOCLCQ$dC3L$dCHVBK$dGZM$dUk$erda
=041  0\$afre$aita
=042  \\$aukblderived
=043  \\$ae-fr---$ae-it---
=050  \4$aJA
=050  \4$aJN7$b.C57 2013
=050  \4$aD131$b.C57 2013
=082  14$a320$214
=245  00$aCirculation des idées et des pratiques politiques :$bFrance et Italie (XIIIe-XVIe siècle) /$cétudes réunies par Anne Lemonde et Ilaria Taddei.
=264  \1$aRoma :$bÉcole française de Rome,$c2013.
=300  \\$a406 pages, 12 unnumbered pages of plates :$billustrations (some color) ;$c24 cm.
=336  \\$atext$btxt$2rdacontent
=337  \\$aunmediated$bn$2rdamedia
=338  \\$avolume$bnc$2rdacarrier
=490  1\$aCollection de l'École française de Rome,$x0223-5099 ;$v478
=504  \\$aIncludes bibliographical references and index.
=540  \\$aCurrent Copyright Fee: GBP25.00$c0$5Uk
=546  \\$aContributions in French and Italian.
=650  \0$aPolitical science$zFrance$xHistory$yTo 1500.
=650  \0$aPolitical science$zItaly$xHistory$yTo 1500.
=650  \7$aPolitisches Denken.$2gnd
=651  \0$aFrance$xPolitics and government$xHistory$yTo 1500.
=651  \0$aFrance$xPolitics and government$y16th century.
=651  \0$aItaly$xPolitics and government$xHistory$yTo 1500.
=651  \0$aItaly$xPolitics and government$y16th century.
=651  \0$aFrance$xRelations$zItaly$xHistory.
=651  \0$aItaly$xRelations$zFrance$xHistory.
=651  \7$aFrankreich.$2gnd
=651  \7$aItalien.$2gnd
=653  1\$aAncient and medieval history$aPolitical science
=700  1\$aLemonde, Anne,$d1969-$eeditor.
=700  1\$aTaddei, Ilaria,$eeditor.
=830  \0$aCollection de l'École française de Rome ;$v478.
=852  41$aBritish Library$bDSC$j3310.417000
=852  41$aBritish Library$bHMNTS$jAc.5233.a.[....]
=852  41$aBritish Library$bHMNTS
=852  41$aBritish Library$bHMNTS$jAc.5233.a.[478]
=856  42$3Table of contents$uhttp://www.liberdomus.it/liberdomus/nrdcc/abstracts/D0135048580.pdf
=ACF  \\$aPrevious Copyright Fee: GBP20.00$c0$e01-jan-2020$fGBP20.00$g0$hA$5Uk
=CAT  \\$a8197$b40$c20141105$lBLL01$h1124
=CAT  \\$a8197$b40$c20141105$lBLL01$h1134
=CAT  \\$a7233$b40$c20141111$lBLL01$h1318
=CAT  \\$aBATCH-UPD$b40$c20150925$lBLL01$h1134
=CAT  \\$aBATCH-CLA$b00$c20180705$lBLL01$h0109
=CAT  \\$aBATCH-CLA$b00$c20191219$lBLL01$h1802
=CAT  \\$aIPL-CLA$c20191231$lBLL01$h2039
=CAT  \\$aR2001-1524$c20200127$lBLL01$h2104
=CAT  \\$aBATCH-CLA$b00$c20200128$lBLL01$h0448
=CAT  \\$aBATCH-CLA$b00$c20201204$lBLL01$h1613
=CAT  \\$aIPL-CLA$c20201231$lBLL01$h2342
=CAT  \\$aBATCH-CLA$b00$c20221221$lBLL01$h1930
=CAT  \\$aIPL-CLA$c20221231$lBLL01$h2331
=CAT  \\$aW2308-1659$c20230923$lBLL01$h1027
=CAT  \\$aBATCH-CLA$b00$c20230924$lBLL01$h0647
=CFI  0\$aCurrent Copyright Fee: GBP25.00$c0$e01-jan-2023$fGBP25.00$g0$hA$5Uk
=FIN  \\$aY$d20141105
=FMT  \\$a  BK
=LAS  \\$aBATCH-CLA$b00$c20230924$lBLL01$h0647
=SID  \\$aZ39$bOCLC
=TCO  \\$aITA$bAIDRO / SIAE$c008

