=LDR  04521cam a2200961 i 4500
=001  017122626
=003  Uk
=005  20221231233308.0
=008  150212s2014\\\\fr\a\\\f\b\\\|101\0|fre\\
=015  \\$a01517600$2bnf
=020  \\$a9782848675091 (paperback)
=020  \\$a2848675098 (paperback)
=024  3\$a9782848675091
=035  \\$a(OCoLC)906277381
=040  \\$aBDF$beng$cBDF$dUk$erda
=041  0\$afre$aeng
=042  \\$aukblsr
=050  \4$aPN
=082  14$a700.19$222
=111  2\$aEspaces de vie de l'artiste : les enfermements à l'oeuvre (Colloquium)$d(2011 :$cBesançon, France)
=245  10$aEspaces de vie de l'artiste, les enfermements à l'oeuvre :$bcolloque international interdisciplinaire et interartistique, 23-24 septembre 2011, Faculté des lettres de Besançon /$csous la direction de Nella Arambasin.
=264  \1$aBesançon :$bPresses universitaires de Franche-Comté,$c2014.
=300  \\$a358 pages :$billustrations (colour) ;$c21 cm.
=336  \\$atext$2rdacontent
=337  \\$aunmediated$2rdamedia
=338  \\$avolume$2rdacarrier
=490  1\$aAnnales littéraires de l'Université de Franche-Comté,$x0523-0535 ;$vno 939.$aSérie : Recherches interdisciplinaires et transculturelles ;$vn° 88
=500  \\$aConference proceedings.
=504  \\$aIncludes bibliographical references and index.
=540  \\$aCurrent Copyright Fee: GBP25.00$c0$5Uk
=546  \\$aIncludes sections in English.
=650  \0$aPrisoners as artists$vCongresses.
=650  \0$aFreedom and art$vCongresses.
=650  \0$aCreation (Literary, artistic, etc.)$vCongresses.
=650  \7$0(FrPBN)11970962$aArtistes prisonniers$0(FrPBN)12061148$xActes de congrès.$2ram
=650  \7$0(FrPBN)12236577$aLiberté et art$0(FrPBN)12061148$xActes de congrès.$2ram
=650  \7$0(FrPBN)13162724$aCréation (esthétique)$0(FrPBN)12061148$xActes de congrès.$2ram
=700  1\$aArambasin, Nella,$eeditor,$econtributor.
=710  2\$aUniversité de Franche-Comté.$bLaboratoire C.R.I.T.
=710  2\$aUniversité de Bourgogne.$bCentre interlangues texte, image, langage.
=830  \0$aAnnales littéraires de l'Université de Franche-Comté,$x0523-0535 ;$vno 939.
=830  \0$aSérie Recherches interdisciplinaires et transculturelles ;$vno 88.
=852  41$aBritish Library$bDSC$j0981.060000
=852  41$aBritish Library$bHMNTS$jAc.282/6[No.......]
=852  41$aBritish Library$bHMNTS
=852  41$aBritish Library$bHMNTS$jAc.282/6[No.939]
=856  42$3Notice et cote du catalogue de la Bibliothèque nationale de France$uhttp://catalogue.bnf.fr/ark:/12148/cb442760290
=ACF  \\$aPrevious Copyright Fee: GBP12.30$c0$e01-jan-2014$fGBP12.30$g0$hA$5Uk
=ACF  \\$aPrevious Copyright Fee: GBP15.00$c0$e01-jan-2017$fGBP15.00$g0$hA$5Uk
=ACF  \\$aPrevious Copyright Fee: GBP20.00$c0$e01-jan-2020$fGBP20.00$g0$hA$5Uk
=CAT  \\$a7233$b40$c20150323$lBLL01$h1359
=CAT  \\$a11312$b40$c20150417$lBLL01$h1128
=CAT  \\$a11312$b40$c20150417$lBLL01$h1214
=CAT  \\$a11069$b40$c20150428$lBLL01$h1043
=CAT  \\$aBATCH-CLA$b00$c20150429$lBLL01$h0110
=CAT  \\$a11069$b40$c20150429$lBLL01$h1348
=CAT  \\$aBATCH-CLA$b00$c20150430$lBLL01$h0035
=CAT  \\$aBATCH-UPD$b00$c20150502$lBLL01$h1745
=CAT  \\$aBATCH-CLA$b00$c20150503$lBLL01$h0035
=CAT  \\$aBATCH-UPD$b00$c20150508$lBLL01$h2054
=CAT  \\$aBATCH-CLA$b00$c20150509$lBLL01$h0043
=CAT  \\$aBATCH-CLA$b00$c20150827$lBLL01$h0125
=CAT  \\$aBATCH-UPD$b00$c20150827$lBLL01$h0132
=CAT  \\$aBATCH-CLA$b00$c20161222$lBLL01$h1839
=CAT  \\$aIPL-CLA$c20161231$lBLL01$h0022
=CAT  \\$aW1707-0052$c20170703$lBLL01$h1932
=CAT  \\$aBATCH-CLA$b00$c20171222$lBLL01$h2219
=CAT  \\$aIPL-CLA$c20171231$lBLL01$h1828
=CAT  \\$aBATCH-CLA$b00$c20191219$lBLL01$h1802
=CAT  \\$aIPL-CLA$c20191231$lBLL01$h2041
=CAT  \\$aR2001-1524$c20200127$lBLL01$h2105
=CAT  \\$aBATCH-CLA$b00$c20200128$lBLL01$h0428
=CAT  \\$aBATCH-CLA$b00$c20201204$lBLL01$h1614
=CAT  \\$aIPL-CLA$c20201231$lBLL01$h2344
=CAT  \\$aBATCH-CLA$b00$c20221221$lBLL01$h1931
=CAT  \\$aIPL-CLA$c20221231$lBLL01$h2333
=CFI  0\$aCurrent Copyright Fee: GBP25.00$c0$e01-jan-2023$fGBP25.00$g0$hA$5Uk
=CFI  2\$aPrevious Copyright Fee: GBP22.50$c0$e01-jan-2021$fGBP22.50$g0$hA$5Uk
=FIN  \\$aY$d20150417
=FMT  \\$a  BK
=LAS  \\$aIPL-CLA$b00$c20221231$lBLL01$h2333
=SID  \\$aZ39$bOCLC
=TCO  \\$aFRA$bCFC$c008

