=LDR  01892aam a2200517 a 4500
=001  013602075
=003  Uk
=005  20161220120241.0
=008  061108s2006\\\\caua\\\\\\\\\\000\0\eng\d
=010  \\$a  2006299418
=015  \\$aGBA696531$2bnb
=016  7\$a013602075$2Uk
=020  \\$a0976491117 (pbk.) :$c£25.00
=040  \\$aStDuBDS$beng$cStDuBDS$dUk
=042  \\$aukblsr
=050  00$aTH4818.S77$bK55 2006
=082  04$a693.997$222
=100  1\$aKing, Bruce$c(Structural engineer)
=245  10$aDesign of straw bale buildings :$bthe state of the art /$cby Bruce King ; with contributing authors Mark Aschheim ... [et al.].
=250  \\$a1st ed.
=260  \\$aSan Rafeal, Calif. :$bGreen Building ;$aTotnes :$bGreen [distributor],$cc2006.
=300  \\$axxvii, 260 p. :$bill. ;$c28 cm.
=336  \\$atext$2rdacontent
=337  \\$aunmediated$2rdamedia
=338  \\$avolume$2rdacarrier
=500  \\$aFormerly CIP.$5Uk
=650  \0$aStraw bale houses$xDesign and construction.
=650  \0$aSustainable architecture$xDesign and construction.
=650  \0$aStructural engineering.
=700  1\$aAschheim, Mark.
=852  41$aBritish Library$bHMNTS$jYK.2007.b.2276
=852  \\$aBritish Library$bDSC
=856  42$3Contributor biographical information$uhttp://www.loc.gov/catdir/enhancements/fy0735/2006299418-b.html
=BUF  \\$aN$d20070608
=CAT  \\$aBATCH-CIP$b00$c20061114$lBLL01$h1701
=CAT  \\$aBATCH$b00$c20061114$lBLL01$h1702
=CAT  \\$aBATCH$b00$c20061114$lBLL01$h1708
=CAT  \\$aBATCH$b00$c20070308$lBLL01$h0945
=CAT  \\$aBATCH$b00$c20070308$lBLL01$h0947
=CAT  \\$a6524$b40$c20070608$lBLL01$h1552
=CAT  \\$aBATCH-BUOC$b00$c20070803$lBLL01$h0954
=CAT  \\$aWR16_021$c20160616$lBLL01$h1809
=CAT  \\$a8962$b40$c20161220$lBLL01$h1202
=FIN  \\$aY$d20070608
=FMT  \\$a  BK
=LAS  \\$a8962$b40$c20161220$lBLL01$h1202

