=LDR  02361 am a2200637 a 4500
=001  013603783
=003  Uk
=005  20070222141530.0
=008  060307s2006\\\\miua\\\\\b\\\s001\0\eng\\
=010  \\$a  2006006327
=015  \\$aGBA715246$2bnb
=016  7\$a013603783$2Uk
=020  \\$a9780472099436 :$cNo price
=020  \\$a0472099434 :$cNo price
=020  \\$a9780472069439 (pbk.) :$cNo price
=020  \\$a0472069438 (pbk.) :$cNo price
=035  \\$a(OCoLC)ocm64591931
=040  \\$aDLC$cDLC$dDLC$dUk
=042  \\$aukblsr
=043  \\$ae-gx---$ae------
=050  00$aHQ1075.5.G3$bG4453 2006
=082  00$a305.4094309033$222
=245  00$aGender in transition :$bdiscourse and practice in German-speaking Europe, 1750-1830 /$cedited by Ulrike Gleixner and Marion W. Gray.
=260  \\$aAnn Arbor :$bUniversity of Michigan Press,$cc2006.
=300  \\$ax, 391 p. :$bill. ;$c23 cm.
=336  \\$atext$2rdacontent
=337  \\$aunmediated$2rdamedia
=338  \\$avolume$2rdacarrier
=490  1\$aSocial history, popular culture, and politics in Germany
=504  \\$aIncludes bibliographical references (p. 341-378) and index.
=650  \0$aSex role$zGermany$xHistory.
=650  \0$aWomen$zGermany$xHistory.
=650  \0$aSex role$zEurope, German-speaking$xHistory.
=650  \0$aWomen$zEurope, German-speaking$xHistory.
=690  7\$aSocial Welfare$2blcoll
=700  1\$aGleixner, Ulrike.
=700  1\$aGray, Marion W.
=830  \0$aSocial history, popular culture, and politics in Germany.
=852  41$aBritish Library$bHMNTS$jYC.2007.a.2853
=852  41$aBritish Library$bDSC
=856  41$3Table of contents only$uhttp://www.loc.gov/catdir/toc/ecip069/2006006327.html
=CAT  \\$aBATCH-APP$b00$c20061116$lBLL01$h0925
=CAT  \\$aBATCH$b00$c20061116$lBLL01$h0926
=CAT  \\$aBATCH$b00$c20061116$lBLL01$h0928
=CAT  \\$a10883$b40$c20061123$lBLL01$h1041
=CAT  \\$a7732$b40$c20070222$lBLL01$h1415
=CAT  \\$aBATCH$b00$c20091217$lBLL01$h0438
=CAT  \\$aBATCH$b00$c20100103$lBLL01$h1232
=CAT  \\$aBATCH$b00$c20110625$lBLL01$h0525
=CAT  \\$aBATCH-SWP4$c20110627$lBLL01$h1608
=CAT  \\$aBATCH-UPD$b00$c20151030$lBLL01$h2048
=CAT  \\$aWR16_021$c20160616$lBLL01$h1810
=FIN  \\$aY$d20061123
=FMT  \\$a  BK
=LAS  \\$aWR16_021$b00$c20160616$lBLL01$h1810
=SRC  \\$aBLL02

