=LDR  01753 am a2200517 a 4500
=001  013603801
=003  Uk
=005  20070228141951.0
=008  060410s2006\\\\kyua\\\\\\\\\s001\0\eng\\
=010  \\$a  2006012090
=015  \\$aGBA717544$2bnb
=016  7\$a013603801$2Uk
=020  \\$a9780813124209 (cased) :$cNo price
=020  \\$a0813124204 (cased) :$cNo price
=035  \\$a(OCoLC)ocm67383516
=035  \\$a(OCoLC)67383516
=040  \\$aDLC$cDLC$dBAKER$dC#P$dYDX$dBTCTA$dYDXCP$dDLC$dUk
=042  \\$aukblsr
=043  \\$an-us-ky
=050  00$aTR24.K4$bA73 2006
=082  00$a779.99769$222
=100  1\$aArchambeault, James.
=245  10$aJames Archambeault's historic Kentucky /$c[James Archambeault] ; foreword by Wendell Berry.
=260  \\$aLexington :$bUniversity Press of Kentucky,$cc2006.
=300  \\$axiii, 153 p. :$bcol. ill. ;$c34 cm.
=336  \\$atext$2rdacontent
=337  \\$aunmediated$2rdamedia
=338  \\$avolume$2rdacarrier
=500  \\$aIncludes index.
=600  10$aArchambeault, James.
=650  \0$aPhotography$zKentucky.
=650  \0$aPhotography, Artistic.
=852  41$aBritish Library$bHMNTS
=852  41$aBritish Library$bDSC$jm06/.41041
=856  41$3Table of contents only$uhttp://www.loc.gov/catdir/toc/ecip0612/2006012090.html
=BUF  \\$aN2$d20061205
=CAT  \\$aBATCH-APP$b00$c20061116$lBLL01$h0925
=CAT  \\$aBATCH$b00$c20061116$lBLL01$h0926
=CAT  \\$aBATCH$b00$c20061116$lBLL01$h0928
=CAT  \\$a6605$b40$c20061205$lBLL01$h1100
=CAT  \\$aBATCH-BUOC$b00$c20070118$lBLL01$h2137
=CAT  \\$a9678$b40$c20070228$lBLL01$h1419
=CAT  \\$aWR16_021$c20160616$lBLL01$h1810
=FIN  \\$aY$d20061205
=FMT  \\$a  BK
=LAS  \\$aWR16_021$b00$c20160616$lBLL01$h1810

