=LDR  01965 am a2200517 a 4500
=001  013610063
=003  Uk
=005  20080306214619.0
=008  060731s2006\\\\nyua\\\\\b\\\\000\0\eng\\
=010  \\$a  2006024675
=015  \\$aGBA711488$2bnb
=016  7\$a013610063$2Uk
=020  \\$a9780823226566 :$cNo price
=020  \\$a0823226565 :$cNo price
=035  \\$a(OCoLC)ocm71222907
=035  \\$a(OCoLC)71222907
=040  \\$aDLC$cDLC$dDLC$dUk
=042  \\$aukblsr
=050  00$aBX2170.C56$bI36 2006
=082  00$a242.2$222
=100  0\$aIgnatius,$cof Loyola, Saint,$d1491-1556.
=245  10$aThoughts of St. Ignatius Loyola for every day of the year :$bfrom the Scintillae Ignatianae /$ccompiled by Gabriel Hevenesi ; translated by Alan G. McDougall.
=250  \\$a1st ed.
=260  \\$aNew York :$bFordham University Press,$c2006.
=300  \\$avii, 109 p. :$bill. ;$c18 cm.
=336  \\$atext$2rdacontent
=337  \\$aunmediated$2rdamedia
=338  \\$avolume$2rdacarrier
=504  \\$aIncludes bibliographical references.
=650  \0$aDevotional calendars$xCatholic Church.
=700  1\$aHevenesi, Gabriel,$d1656-1715.
=852  41$aBritish Library$bHMNTS$jYK.2007.a.2530
=852  \\$aBritish Library$bDSC
=856  41$3Table of contents only$uhttp://www.loc.gov/catdir/toc/ecip0619/2006024675.html
=856  42$3Contributor biographical information$uhttp://www.loc.gov/catdir/enhancements/fy0733/2006024675-b.html
=856  42$3Publisher description$uhttp://www.loc.gov/catdir/enhancements/fy0808/2006024675-d.html
=BUF  \\$aN3$d20070213
=CAT  \\$aBATCH-APP$b00$c20061123$lBLL01$h1331
=CAT  \\$aBATCH$b00$c20061123$lBLL01$h1332
=CAT  \\$aBATCH$b00$c20061123$lBLL01$h1334
=CAT  \\$a6632$b40$c20070213$lBLL01$h1132
=CAT  \\$aBATCH-BUOC$b00$c20080306$lBLL01$h2146
=CAT  \\$aWR16_021$c20160616$lBLL01$h1811
=FIN  \\$aY$d20070213
=FMT  \\$a  BK
=LAS  \\$aWR16_021$b00$c20160616$lBLL01$h1811

