=LDR  02273cam a2200613 a 4500
=001  013612954
=003  Uk
=005  20220331224117.0
=008  070123s2007\\\\enk\\\\\\b\\\\000\0\eng\\
=010  \\$a  2007002768
=015  \\$aGBA6A0352$2bnb
=016  7\$a013612954$2Uk
=020  \\$a9780521868037 (hbk.) :$c£65.00
=020  \\$a0521868033 (hbk.) :$c£65.00
=020  \\$a9780521687461 (pbk.) :$c£25.99
=020  \\$a0521687462 (pbk.) :$c£25.99
=040  \\$aStDuBDS$beng$cStDuBDS$dUk
=042  \\$aukblsr
=050  00$aQH361$b.Y695 2007
=082  04$a576.8$222
=100  1\$aYoung, David,$d1942 February 25-
=245  14$aThe discovery of evolution /$cDavid Young.
=250  \\$a2nd ed.
=260  \\$aCambridge :$bCambridge University Press,$c2007.
=300  \\$ap. cm.
=336  \\$atext$2rdacontent
=337  \\$aunmediated$2rdamedia
=338  \\$avolume$2rdacarrier
=500  \\$aFormerly CIP.$5Uk
=504  \\$aIncludes bibliographical references.
=540  \\$aCurrent Copyright Fee: GBP25.00$c0$5Uk
=650  \0$aEvolution (Biology)$xHistory.
=852  41$aBritish Library$bHMNTS$jYC.2007.a.16796
=852  41$aBritish Library$bDSC
=856  41$3Table of contents only$uhttp://www.loc.gov/catdir/toc/ecip079/2007002768.html
=856  42$3Publisher description$uhttp://www.loc.gov/catdir/enhancements/fy0713/2007002768-d.html
=856  42$3Contributor biographical information$uhttp://www.loc.gov/catdir/enhancements/fy0729/2007002768-b.html
=985  \\$aRecord amended for WR# 13/070
=BUF  \\$aN$d20070820
=CAT  \\$aBATCH-CIP$b00$c20061128$lBLL01$h1701
=CAT  \\$aBATCH$b00$c20061128$lBLL01$h1702
=CAT  \\$aBATCH$b00$c20061128$lBLL01$h1707
=CAT  \\$aBATCH$b00$c20070802$lBLL01$h1336
=CAT  \\$aBATCH$b00$c20070802$lBLL01$h1345
=CAT  \\$a12666$b40$c20070820$lBLL01$h1258
=CAT  \\$aBATCH-BUOC$b00$c20071115$lBLL01$h2214
=CAT  \\$aWR13_070$b00$c20130504$lBLL01$h0248
=CAT  \\$aWR16_021$c20160616$lBLL01$h1811
=CAT  \\$aBATCH-CLAB$c20220330$lBLL01$h1608
=CAT  \\$aIPL-CLA$c20220331$lBLL01$h2241
=CFI  0\$aCurrent Copyright Fee: GBP25.00$c0$e01-apr-2022$fGBP25.00$g0$hC$5Uk
=FIN  \\$aY$d20070820
=FMT  \\$a  BK
=LAS  \\$aIPL-CLA$b00$c20220331$lBLL01$h2241

