=LDR  03587cam a22009014a 4500
=001  013614096
=003  Uk
=005  20230926011454.0
=008  060515s2006\\\\cau\\\\\\b\\\\000\0\eng\\
=010  \\$a  2006016181
=020  \\$a0833038818 (pbk.)
=035  \\$a(OCoLC)ocm69671854
=040  \\$aDLC$cDLC$dYDX$dBAKER$dSCT$dDLC
=042  \\$apcc
=043  \\$an-us---
=050  00$aUA23$b.S835 2006
=082  00$a355.033573$222
=245  00$aStriking first :$bpreemptive and preventive attack in U.S. national security policy /$cKarl P. Mueller ... [et al.].
=260  \\$aSanta Monica, CA :$bRAND Project Air Force,$c2006.
=300  \\$axxxi, 311 p. ;$c23 cm.
=336  \\$atext$2rdacontent
=337  \\$aunmediated$2rdamedia
=338  \\$avolume$2rdacarrier
=490  1\$aRand Corporation monograph series
=504  \\$aIncludes bibliographical references (p. 271-311).
=540  \\$aCurrent Copyright Fee: GBP25.00$c0$5Uk
=540  \\$aCurrent Copyright Fee: GBP25.00$c0$5Uk
=650  \0$aNational security$zUnited States.
=650  \0$aPreemptive attack (Military science)
=651  \0$aUnited States$xMilitary policy.
=651  \0$aUnited States$xDefenses.
=700  1\$aMueller, Karl P.
=830  \0$aRand Corporation monograph series.
=852  \\$aBritish Library$bDSC
=852  41$aBritish Library$bDSC$j7254.272700$ino. 403
=856  41$3Table of contents only$uhttp://www.loc.gov/catdir/toc/ecip0614/2006016181.html
=985  \\$aProvisional record - DSC
=ACF  \\$aPrevious Copyright Fee: GBP12.30$c0$e01-jan-2014$fGBP12.30$g0$hA$5Uk
=ACF  \\$aPrevious Copyright Fee: GBP15.00$c0$e01-jan-2017$fGBP15.00$g0$hA$5Uk
=CAT  \\$a7233$b40$c20061129$lBLL01$h1202
=CAT  \\$aBATCH$b00$c20070119$lBLL01$h1420
=CAT  \\$aBATCH$b00$c20091217$lBLL01$h0439
=CAT  \\$aBATCH$b00$c20100103$lBLL01$h1233
=CAT  \\$aBATCH-CLA$b00$c20140102$lBLL01$h0317
=CAT  \\$aBATCH-CLA$b00$c20161222$lBLL01$h1811
=CAT  \\$aBATCH-UPD$b00$c20161224$lBLL01$h0939
=CAT  \\$aIPL-CLA$c20161230$lBLL01$h2207
=CAT  \\$aBATCH-CLA$b00$c20171222$lBLL01$h2134
=CAT  \\$aIPL-CLA$c20171231$lBLL01$h1700
=CAT  \\$aBATCH-CLA$b00$c20191219$lBLL01$h1738
=CAT  \\$aIPL-CLA$c20191231$lBLL01$h1943
=CAT  \\$aR2001-1524$c20200127$lBLL01$h2020
=CAT  \\$aBATCH-CLA$b00$c20200128$lBLL01$h0418
=CAT  \\$aBATCH-CLA$b00$c20201204$lBLL01$h1540
=CAT  \\$aIPL-CLA$c20201231$lBLL01$h2216
=CAT  \\$aBATCH-CLAB$c20221217$lBLL01$h1739
=CAT  \\$aBATCH-CLA$b00$c20221218$lBLL01$h0815
=CAT  \\$aBATCH-CLA$b00$c20221221$lBLL01$h1850
=CAT  \\$aIPL-CLA$c20221231$lBLL01$h2130
=CAT  \\$aBATCH-CLAB$c20230324$lBLL01$h1341
=CAT  \\$aBATCH-CLA$b00$c20230325$lBLL01$h0129
=CAT  \\$aBATCH-CLAB$c20230601$lBLL01$h1234
=CAT  \\$aBATCH-CLA$b00$c20230602$lBLL01$h0117
=CAT  \\$aS2306_0332$c20230613$lBLL01$h0906
=CAT  \\$aBATCH-CLA$b00$c20230614$lBLL01$h0121
=CAT  \\$aBATCH-CLAB$c20230907$lBLL01$h1716
=CAT  \\$aBATCH-CLA$b00$c20230908$lBLL01$h0119
=CAT  \\$aW2308-1659$c20230923$lBLL01$h1032
=CAT  \\$aBATCH-CLA$b00$c20230924$lBLL01$h0619
=CAT  \\$a12654$b40$c20230925$lBLL01$h1225
=CAT  \\$aBATCH-CLA$b00$c20230926$lBLL01$h0114
=CFI  0\$aCurrent Copyright Fee: GBP25.00$c0$e01-jan-2023$fGBP25.00$g0$hA$5Uk
=CFI  0\$aCurrent Copyright Fee: GBP25.00$c0$e01-jan-2023$fGBP25.00$g0$hA$5Uk
=FIN  \\$aY$d20061129
=FMT  \\$a  BK
=LAS  \\$aBATCH-CLA$b00$c20230926$lBLL01$h0114
=SRC  \\$aBLL02
=TCO  \\$aZZZ$c008

