=LDR  02517cam a2200673 a 4500
=001  013614206
=003  Uk
=005  20220331224121.0
=008  060919s2007\\\\inua\\\\\\\\\\001\0\eng\\
=010  \\$a  2006031030
=015  \\$aGBA717508$2bnb
=016  7\$a013614206$2Uk
=020  \\$a9780471919308 (pbk.) :$c£26.99
=020  \\$a0471919306 (pbk.) :$c£26.99
=040  \\$aDLC$cDLC$dDLC$dUk
=042  \\$aukblsr
=050  00$aQA76.76.D47$bD365 2007
=082  00$a005.3$222
=100  1\$aDavid, Jean-Luc,$d1971-
=245  10$aProfessional Team foundation server /$cJean-Luc David, Mickey Gousset, and Erik Gunvaldson.
=260  \\$aIndianapolis, Ind. :$bWiley,$cc2007.
=300  \\$axxxiii, 486 p. :$bill. ;$c24 cm.
=336  \\$atext$2rdacontent
=337  \\$aunmediated$2rdamedia
=338  \\$avolume$2rdacarrier
=490  1\$aWrox professional guides
=500  \\$aIncludes index.
=500  \\$a"Programmer to programmer"--Cover.
=540  \\$aCurrent Copyright Fee: GBP32.00$c0$5Uk
=630  00$aMicrosoft Visual studio.
=650  \0$aComputer software$xDevelopment$xComputer programs.
=650  \0$aTeams in the workplace$xData processing.
=700  1\$aGousset, Mickey.
=700  1\$aGunvaldson, Erik.
=830  \0$aWrox professional guides.
=852  41$aBritish Library$bHMNTS
=852  41$aBritish Library$bDSC$jm07/.10393
=856  41$3Table of contents only$uhttp://www.loc.gov/catdir/toc/ecip071/2006031030.html
=856  42$3Contributor biographical information$uhttp://www.loc.gov/catdir/enhancements/fy0741/2006031030-b.html
=856  42$3Publisher description$uhttp://www.loc.gov/catdir/enhancements/fy0741/2006031030-d.html
=BUF  \\$aN2$d20070103
=CAT  \\$a7203$b40$c20061129$lBLL01$h1338
=CAT  \\$a6632$b40$c20070103$lBLL01$h1704
=CAT  \\$a12324$b40$c20070227$lBLL01$h1602
=CAT  \\$a9678$b40$c20070228$lBLL01$h1139
=CAT  \\$aBATCH-BUOC$b00$c20071227$lBLL01$h2143
=CAT  \\$aBATCH$b00$c20091217$lBLL01$h0440
=CAT  \\$aBATCH$b00$c20100103$lBLL01$h1233
=CAT  \\$aWR16_021$c20160616$lBLL01$h1812
=CAT  \\$aBATCH-UPD$b00$c20160616$lBLL01$h1919
=CAT  \\$aBATCH-CLAB$c20220330$lBLL01$h1707
=CAT  \\$aIPL-CLA$c20220331$lBLL01$h2241
=CAT  \\$aW2308-1659$c20230923$lBLL01$h1032
=CFI  0\$aCurrent Copyright Fee: GBP32.00$c0$e01-apr-2022$fGBP32.00$g0$hC$5Uk
=FIN  \\$aY$d20070103
=FMT  \\$a  BK
=LAS  \\$aW2308-1659$b00$c20230923$lBLL01$h1032
=SID  \\$aZ39$bLOC
=SRC  \\$aBLL02

