=LDR  02634cam a2200709 a 4500
=001  013618949
=003  Uk
=005  20230302180232.0
=008  061130s2008\\\\flua\\\\\b\\\\001\0\eng\d
=010  \\$a  2007000587
=015  \\$aGBA6A2523$2bnb
=016  7\$a013618949$2Uk
=020  \\$a9780849373930 (hbk.) :$c£130.00
=020  \\$a084937393X (hbk.) :$c£130.00
=040  \\$aStDuBDS$beng$cStDuBDS$dUk
=042  \\$aukblsr
=082  00$a543.57$222
=245  00$aHandbook of near-infrared analysis /$cDonald A. Burns and Emil W. Ciurczak.
=250  \\$a3rd ed.
=260  \\$aBoca Raton, Fla. :$bCRC ;$a[London :$bTaylor & Francis distributor],$cc2008.
=300  \\$a808 p. :$bill. ;$c26 cm.
=336  \\$atext$2rdacontent
=337  \\$aunmediated$2rdamedia
=338  \\$avolume$2rdacarrier
=490  0\$aPractical spectroscopy ;$vv. 35
=500  \\$aFormerly CIP.$5Uk
=504  \\$aIncludes bibliographical references and index.
=540  \\$aCurrent Copyright Fee: GBP45.00$c0$5Uk
=650  \0$aNear infrared spectroscopy.
=700  1\$aBurns, Donald A.,$d1929-
=700  1\$aCiurczak, Emil W.,$d1945-
=852  41$aBritish Library$bSTI
=852  41$aBritish Library$bDSC$j6595.850000
=852  11$aBritish Library$bSTI$k(B)$h543.57
=852  11$aBritish Library$bSTI$k(B)$h543.57
=852  41$aBritish Library$bDSC$j6595.850000$iv. 35
=856  41$3Table of contents only$uhttp://www.loc.gov/catdir/toc/ecip078/2007000587.html
=BUF  \\$aN$d20071023
=CAT  \\$aBATCH-CIP$b00$c20061205$lBLL01$h1701
=CAT  \\$aBATCH$b00$c20061205$lBLL01$h1702
=CAT  \\$aBATCH$b00$c20061205$lBLL01$h1708
=CAT  \\$aBATCH$b00$c20070309$lBLL01$h1005
=CAT  \\$aBATCH$b00$c20070309$lBLL01$h1010
=CAT  \\$a10904$b40$c20071023$lBLL01$h0937
=CAT  \\$a12664$b40$c20071023$lBLL01$h0947
=CAT  \\$aBATCH-BUOC$b00$c20071025$lBLL01$h2209
=CAT  \\$a6098$b40$c20071114$lBLL01$h1305
=CAT  \\$a6098$b40$c20071114$lBLL01$h1306
=CAT  \\$a8411$b40$c20071121$lBLL01$h1451
=CAT  \\$aWR16_021$c20160616$lBLL01$h1812
=CAT  \\$aBATCH-CLA$b00$c20160617$lBLL01$h0129
=CAT  \\$a8411$b40$c20210526$lBLL01$h1358
=CAT  \\$a8411$b40$c20210526$lBLL01$h1422
=CAT  \\$aBATCH-CLA$b00$c20210527$lBLL01$h0107
=CAT  \\$aBATCH-CLA$b00$c20221206$lBLL01$h1637
=CAT  \\$aIPL-CLA$c20221231$lBLL01$h2130
=CAT  \\$aBATCH-CLA$b00$c20230302$lBLL01$h1802
=CFI  0\$aCurrent Copyright Fee: GBP45.00$c0$e09-feb-2023$fGBP45.00$g0$hC$5Uk
=FIN  \\$aY$d20071023
=FMT  \\$a  BK
=LAS  \\$aBATCH-CLA$b00$c20230302$lBLL01$h1802
=TCO  \\$aTRS$bCCC$c008

