=LDR  01746 am a2200469 a 4500
=001  013623759
=003  Uk
=005  20071208092114.0
=008  060725m20069999wiuabc\\\b\\\s000\0\eng\\
=010  \\$a2006024421  
=015  \\$aGBA7A0779$2bnb
=016  7\$a013623759$2Uk
=020  \\$a0299216748 (v. 1. : pbk. : alk. paper) :$cNo price
=040  \\$aDLC$cDLC$dDLC$dUk
=042  \\$aukblsr
=043  \\$an-us-wi
=050  00$aF589.M157$bL48 2006
=082  00$a977.583$222
=100  1\$aLevitan, Stuart D.
=245  10$aMadison :$bthe illustrated sesquicentennial history /$cStuart D. Levitan.
=260  \\$aMadison :$bUniversity of Wisconsin Press,$cc2006-
=300  \\$av. :$bill., maps (some col.), ports. ;$c26 cm.
=336  \\$atext$2rdacontent
=337  \\$aunmediated$2rdamedia
=338  \\$avolume$2rdacarrier
=504  \\$aIncludes bibliographical references.
=505  1\$av. 1. 1856-1931.
=651  \0$aMadison (Wis.)$xHistory.
=651  \0$aMadison (Wis.)$xHistory$vPictorial works.
=852  41$aBritish Library$bHMNTS$jLC.31.a.4379
=852  \\$aBritish Library$bDSC
=856  41$3Table of contents only$uhttp://www.loc.gov/catdir/toc/ecip0618/2006024421.html
=856  42$3Contributor biographical information$uhttp://www.loc.gov/catdir/enhancements/fy0701/2006024421-b.html
=856  42$3Publisher description$uhttp://www.loc.gov/catdir/enhancements/fy0701/2006024421-d.html
=CAT  \\$aBATCH-APP$b00$c20061212$lBLL01$h1610
=CAT  \\$aBATCH$b00$c20061212$lBLL01$h1610
=CAT  \\$aBATCH$b00$c20061212$lBLL01$h1612
=CAT  \\$a11071$b40$c20071208$lBLL01$h0921
=CAT  \\$aWR16_021$c20160616$lBLL01$h1813
=FIN  \\$aY$d20071208
=FMT  \\$a  BK
=LAS  \\$aWR16_021$b00$c20160616$lBLL01$h1813

