=LDR  02242 am a2200517 a 4500
=001  013623803
=003  Uk
=005  20070303135707.0
=008  060706s2006\\\\ncuac\\\\b\\\\001\0\eng\\
=010  \\$a2006022426
=015  \\$aGBA717770$2bnb
=016  7\$a013623803$2Uk
=020  \\$a9780786424740 (illustrated case binding) :$cNo price
=020  \\$a0786424745 (illustrated case binding) :$cNo price
=035  \\$a(OCoLC)ocm70668632
=035  \\$a(OCoLC)70668632
=040  \\$aDLC$cDLC$dBAKER$dC#P$dYDXCP$dDLC$dUk
=042  \\$aukblsr
=043  \\$an-us---$an-us-ny$an-us-in
=050  00$aGV1029.15$b.B87 2006
=082  00$a796.72$222
=100  1\$aBurns, John M.,$d1951-
=245  10$aThunder at sunrise :$ba history of the Vanderbilt Cup, the Grand prize and the Indianapolis 500, 1904-1916 /$cJohn M. Burns.
=260  \\$aJefferson, N.C. ;$aLondon :$bMcFarland,$cc2006.
=300  \\$avi, 273 p. :$bill., ports. ;$c27 cm.
=336  \\$atext$2rdacontent
=337  \\$aunmediated$2rdamedia
=338  \\$avolume$2rdacarrier
=504  \\$aIncludes bibliographical references (p. 261-264) and index.
=520  \\$a"Beginning with an overview of motor racing history, this work covers the French origins of the sport and the first international competitions such as the Gordon Bennett Cup and the Paris to Madrid race. The primary focus is on the first three American races of international stature: the Vanderbilt Cup, the International Grand Prize and the Indianapolis 500"--Provided by publisher.
=611  20$aVanderbilt Cup Race$xHistory.
=611  20$aIndianapolis Speedway Race$xHistory.
=650  \0$aAutomobile racing$xHistory.
=650  \0$aGrand Prix racing$xHistory.
=852  41$aBritish Library$bHMNTS$jYC.2007.b.379
=852  \\$aBritish Library$bDSC
=856  41$3Table of contents only$uhttp://www.loc.gov/catdir/toc/ecip0617/2006022426.html
=CAT  \\$aBATCH-APP$b00$c20061212$lBLL01$h1610
=CAT  \\$aBATCH$b00$c20061212$lBLL01$h1610
=CAT  \\$aBATCH$b00$c20061212$lBLL01$h1612
=CAT  \\$a6632$b40$c20070303$lBLL01$h1357
=CAT  \\$aWR16_021$c20160616$lBLL01$h1813
=FIN  \\$aY$d20070303
=FMT  \\$a  BK
=LAS  \\$aWR16_021$b00$c20160616$lBLL01$h1813
=SID  \\$aZ39$bLOC

