=LDR  01551 am a2200457 a 4500
=001  013626096
=003  Uk
=005  20070709113736.0
=008  060810s2007\\\\vaua\\\\\b\\\\000\0\eng\\
=010  \\$a  2006026264
=015  \\$aGBA752619$2bnb
=016  7\$a013626096$2Uk
=020  \\$a9780784408889 (pbk.) :$cNo price
=020  \\$a0784408882 (pbk.) :$cNo price
=035  \\$a(OCoLC)ocm70911154
=040  \\$aDLC$cDLC$dYDX$dIXA$dBAKER$dYDXCP$dDLC$dUk
=042  \\$aukblcatcopy
=050  00$aTA155$b.B74 2008
=082  00$a624$222
=100  1\$aBrenner, Brian R.
=245  10$aDon't throw this away! :$bthe civil engineering life /$cBrian Brenner.
=260  \\$aReston, Va. :$bAmerican Society of Civil Engineers,$cc2007.
=300  \\$axii, 148 p. :$bill. ;$c23 cm.
=336  \\$atext$2rdacontent
=337  \\$aunmediated$2rdamedia
=338  \\$avolume$2rdacarrier
=504  \\$aIncludes bibliographical references.
=650  \0$aCivil engineering.
=852  41$aBritish Library$bHMNTS$jYK.2007.a.10514
=852  \\$aBritish Library$bDSC
=856  41$3Table of contents only$uhttp://www.loc.gov/catdir/toc/ecip0618/2006026264.html
=CAT  \\$aBATCH-APP$b00$c20061214$lBLL01$h1019
=CAT  \\$aBATCH$b00$c20061214$lBLL01$h1019
=CAT  \\$aBATCH$b00$c20061214$lBLL01$h1021
=CAT  \\$a12327$b40$c20070706$lBLL01$h0842
=CAT  \\$a9523$b40$c20070709$lBLL01$h1137
=CAT  \\$aWR16_021$c20160616$lBLL01$h1814
=FIN  \\$aY$d20070709
=FMT  \\$a  BK
=LAS  \\$aWR16_021$b00$c20160616$lBLL01$h1814
=SRC  \\$aBLL02

