=LDR  03005cam a2200733 a 4500
=001  013626158
=003  Uk
=005  20230930111058.0
=008  060607s2006\\\\ohua\\\\\b\\\s001\0\eng\\
=010  \\$a  2006018931
=015  \\$aGBA807836$2bnb
=016  7\$a013626158$2Uk
=020  \\$a9780821417065 (pbk.) :$cNo price
=020  \\$a0821417061 (pbk.) :$cNo price
=040  \\$aDLC$cDLC$dDLC$dUk
=042  \\$aukblcatcopy
=043  \\$an-us-oh
=050  00$aNK9112$b.P75 2006
=082  00$a746.4609771$222
=100  1\$aPritchard, Gayle A.,$d1957-
=245  10$aUncommon threads :$bOhio's art quilt revolution /$cGayle A. Pritchard.
=260  \\$aAthens :$bOhio University Press,$cc2006.
=300  \\$ax, 130 p. :$bill. (chiefly col.) ;$c23 cm.
=336  \\$atext$2rdacontent
=337  \\$aunmediated$2rdamedia
=338  \\$avolume$2rdacarrier
=490  1\$aThe Ohio quilt series
=504  \\$aIncludes bibliographical references (p. 121-126) and index.
=540  \\$aCurrent Copyright Fee: GBP17.93$c0$5Uk
=650  \0$aArt quilts$zOhio$xHistory$y20th century.
=650  \0$aArt quilts$zOhio$xHistory$y21st century.
=830  \0$aOhio quilt series.
=852  41$aBritish Library$bHMNTS$jYK.2008.a.1152
=852  \\$aBritish Library$bDSC
=856  41$3Table of contents only$uhttp://www.loc.gov/catdir/toc/ecip0615/2006018931.html
=856  42$3Contributor biographical information$uhttp://www.loc.gov/catdir/enhancements/fy0666/2006018931-b.html
=856  42$3Publisher description$uhttp://www.loc.gov/catdir/enhancements/fy0666/2006018931-d.html
=ACF  \\$aPrevious Copyright Fee: GBP16.95$c0$e01-apr-2022$fGBP16.95$g0$hC$5Uk
=ACF  \\$aPrevious Copyright Fee: GBP20.29$c0$e01-jan-2023$fGBP20.29$g0$hC$5Uk
=ACF  \\$aPrevious Copyright Fee: GBP18.75$c0$e01-apr-2023$fGBP18.75$g0$hC$5Uk
=CAT  \\$aBATCH-APP$b00$c20061214$lBLL01$h1019
=CAT  \\$aBATCH$b00$c20061214$lBLL01$h1019
=CAT  \\$aBATCH$b00$c20061214$lBLL01$h1021
=CAT  \\$a8202$b40$c20080121$lBLL01$h1626
=CAT  \\$aBATCH$b00$c20091217$lBLL01$h0441
=CAT  \\$aBATCH$b00$c20100103$lBLL01$h1235
=CAT  \\$aWR16_021$c20160616$lBLL01$h1814
=CAT  \\$aBATCH-UPD$b00$c20160616$lBLL01$h1935
=CAT  \\$aBATCH-CLAB$c20220330$lBLL01$h1642
=CAT  \\$aIPL-CLA$c20220331$lBLL01$h2241
=CAT  \\$aBATCH-CLAB$c20221217$lBLL01$h1738
=CAT  \\$aIPL-CLA$c20221231$lBLL01$h2130
=CAT  \\$aBATCH-CLAB$c20230324$lBLL01$h1339
=CAT  \\$aIPL-CLA$c20230331$lBLL01$h1649
=CAT  \\$aBATCH-CLAB$c20230601$lBLL01$h1233
=CAT  \\$aIPL-CLA$c20230630$lBLL01$h1726
=CAT  \\$aBATCH-CLAB$c20230907$lBLL01$h1715
=CAT  \\$aIPL-CLA$c20230930$lBLL01$h1110
=CFI  0\$aCurrent Copyright Fee: GBP17.93$c0$e01-oct-2023$fGBP17.93$g0$hC$5Uk
=CFI  2\$aPrevious Copyright Fee: GBP18.46$c0$e01-jul-2023$fGBP18.46$g0$hC$5Uk
=FIN  \\$aY$d20080121
=FMT  \\$a  BK
=LAS  \\$aIPL-CLA$b00$c20230930$lBLL01$h1110
=LCS  0\$aThe Ohio quilt series

