=LDR  01958cam a22005294a 4500
=001  013626686
=003  Uk
=005  20101112103842.0
=008  050322s2005\\\\maua\\\\\b\\\\001\0\eng\\
=010  \\$a2005043865
=015  \\$aGBA707880$2bnb
=020  \\$a9780072953589 (cased) :$cNo price
=020  \\$a0072953586 (cased) :$cNo price
=020  \\$a0073107638 (text/CD-ROM) :$cNo price
=035  \\$a(OCoLC)58604729
=040  \\$aDLC$cDLC$dYDX$dBAKER$dIG#$dBTCTA$dUk
=042  \\$aukblsr
=050  00$aTA403$b.S5955 2005
=082  00$a620.11$222
=100  1\$aSmith, William F.$q(William Fortune),$d1931-
=245  10$aFoundations of materials science and engineering /$cWilliam F. Smith, Javad Hashemi.
=250  \\$a4th ed.
=260  \\$aBoston ;$aLondon :$bMcGraw-Hill,$c2005.
=300  \\$axxi, 1032 p. :$bill. ;$c24 cm. +$e1 CD-ROM (4 3/4 in.)
=336  \\$atext$2rdacontent
=337  \\$aunmediated$2rdamedia
=338  \\$avolume$2rdacarrier
=490  1\$aMcGraw-Hill series in materials science
=504  \\$aIncludes bibliographical references and index.
=650  \0$aMaterials science.
=650  \0$aMaterials.
=700  1\$aHashemi, Javad,$d1961-
=830  \0$aMcGraw-Hill series in materials science and engineering.
=852  41$aBritish Library$bDSC$jVm07/.50088
=852  41$aBritish Library$bDSC
=856  42$3Publisher description$uhttp://www.loc.gov/catdir/enhancements/fy0701/2005043865-d.html
=856  41$3Table of contents only$uhttp://www.loc.gov/catdir/enhancements/fy0701/2005043865-t.html
=CAT  \\$a8157$b40$c20061215$lBLL01$h0834
=CAT  \\$a10883$b40$c20070130$lBLL01$h1428
=CAT  \\$aBATCH-UPD$b40$c20090604$lBLL01$h0620
=CAT  \\$aBATCH-UPD$b40$c20100106$lBLL01$h1844
=CAT  \\$a8964$b40$c20101112$lBLL01$h1038
=CAT  \\$aW2308-1659$c20230923$lBLL01$h1033
=FIN  \\$aY$d20070130
=FMT  \\$a  BK
=LAS  \\$aW2308-1659$b00$c20230923$lBLL01$h1033
=SID  \\$aZ39$bOCLC

