=LDR  02136cam a2200553 a 4500
=001  013629295
=003  Uk
=005  20220331224142.0
=008  061208s2007\\\\nju\\\\\\\\\\\000\0\eng\d
=010  \\$a  2006103072
=015  \\$aGBA6A5954$2bnb
=016  7\$a013629295$2Uk
=020  \\$a9780470095232 (pbk.) :$c£8.99
=020  \\$a0470095237 (pbk.) :$c£8.99
=040  \\$aStDuBDS$beng$cStDuBDS$dUk
=041  0\$aeng$aspa
=042  \\$aukblsr
=082  00$a468.342102437$222
=100  1\$aStein, Gail.
=245  10$aWorking Spanish for teachers and education professionals /$cGail Stein.
=260  \\$aHoboken, N.J. :$bWiley ;$aChichester :$bJohn Wiley [distributor],$cc2007.
=300  \\$ax, 226 p. ;$c17 cm.
=336  \\$atext$2rdacontent
=337  \\$aunmediated$2rdamedia
=338  \\$avolume$2rdacarrier
=500  \\$aFormerly CIP.$5Uk
=540  \\$aCurrent Copyright Fee: GBP8.80$c0$5Uk
=650  \0$aSpanish language$vConversation and phrase books (for school employees)
=852  \\$aBritish Library$bDSC
=852  41$aBritish Library$bHMNTS$jYK.2007.a.14482
=856  41$3Table of contents only$uhttp://www.loc.gov/catdir/toc/ecip077/2006103072.html
=856  42$3Publisher description$uhttp://www.loc.gov/catdir/enhancements/fy0741/2006103072-d.html
=856  42$3Contributor biographical information$uhttp://www.loc.gov/catdir/enhancements/fy0741/2006103072-b.html
=BUF  \\$aN$d20070510
=CAT  \\$aBATCH-CIP$b00$c20061219$lBLL01$h1701
=CAT  \\$aBATCH$b00$c20061219$lBLL01$h1702
=CAT  \\$aBATCH$b00$c20061219$lBLL01$h1708
=CAT  \\$aBATCH$b00$c20070430$lBLL01$h1603
=CAT  \\$aBATCH$b00$c20070430$lBLL01$h1605
=CAT  \\$a8440$b40$c20070510$lBLL01$h0957
=CAT  \\$a11168$b40$c20070830$lBLL01$h1425
=CAT  \\$aBATCH-BUOC$b00$c20080410$lBLL01$h2146
=CAT  \\$aWR16_021$c20160616$lBLL01$h1814
=CAT  \\$aBATCH-CLAB$c20220330$lBLL01$h1533
=CAT  \\$aIPL-CLA$c20220331$lBLL01$h2241
=CFI  0\$aCurrent Copyright Fee: GBP8.80$c0$e01-apr-2022$fGBP8.80$g0$hC$5Uk
=FIN  \\$aY$d20070510
=FMT  \\$a  BK
=LAS  \\$aIPL-CLA$b00$c20220331$lBLL01$h2241

