=LDR  03808aam a2200637 a 4500
=001  013629765
=003  Uk
=005  20071018221731.0
=008  060919s2006\\\\cau\\\\\\b\\\\000\0\eng\\
=010  \\$a  2006030701
=015  \\$aGBA6A6424$2bnb
=016  7\$a013629765$2Uk
=020  \\$a9781580051880 (pbk.) :$c£9.99
=020  \\$a158005188X (pbk.) :$c£9.99
=040  \\$aStDuBDS$beng$cStDuBDS$dUk
=042  \\$aukblsr
=050  00$aHQ1161$b.H65 2006
=082  00$a305.4896914$222
=245  00$aHomelands :$bwomen's journeys across race, place, and time /$cedited by Patricia Justine Tumang and Jenesha de Rivera ; foreword by Edwidge Danticat.
=260  \\$aSeattle, Wash. :$bSeal ;$aEnfield :$bPublishers Group UK [distributor],$c2006.
=300  \\$a343 p. ;$c23 cm.
=336  \\$atext$2rdacontent
=337  \\$aunmediated$2rdamedia
=338  \\$avolume$2rdacarrier
=500  \\$aFormerly CIP.$5Uk
=504  \\$aIncludes bibliographical references (p. 329-331).
=505  0\$aForeword / Edwidge Danticat -- Introduction -- In search of the next harvest / Guillermina Gina Núñez -- The reciters / Agate Nesaule -- Journey by inner light / Meeta Kaur -- Oburoni no more / Kim Foote -- Venceremos! : words in red paint / Ananda Esteva -- Filipino secrets and American dreams / Patricia Justine Tumang -- Journeys to Jerusalem / Lisa Suhair Majaj -- Different blood : a journey to Myanmar / Wendy Marie Thompson -- Dakota homecoming / Diane Wilson -- Homeward bound : the journey of a transgendered Korean adoptee / Pauline Park -- Identifying with America / Erika Martínez -- Seeing Istanos / Nancy Agabian -- Waves : my Haitian American rhythm / Phoenix Soleil -- Leaving Battambang, the city of answers / Sokunthary Svay -- Heartbroken for Lebanon / Leila Abu-Saba -- American Viking / Sarah McCormic -- Never gone back / Leah Lakshmi Piepzna-Samarasinha -- What is home after exile? : an Iranian Greek American homecoming / Aphrodite Desiree Navab -- Yiddishland / Ellen Cassedy -- Queer heart in a red-state body / C.L. Carlton -- Home, adopted / Jill Kim SooHoo -- Urban nomads / Joshunda Sanders -- The route back to Tonga / Loa Niumeitolu -- Coming out, coming home / Jenesha de Rivera -- Embrace of the motherland / Canyon Sam -- Sowing for lineage / Claudia Virginia Narváez-Meza -- Voyage, war, and exile / Etel Adnan -- Off the edge of the world : an Ethiopian story in metaphors / Maaza Mengiste.
=650  \0$aWomen immigrants.
=650  \0$aWomen refugees.
=650  \0$aEmigration and immigration$xPsychological aspects.
=650  \0$aMigration, Internal$xPsychological aspects.
=650  \0$aIdentity (Psychology)
=650  \0$aGroup identity.
=650  \0$aHome$xPsychological aspects.
=690  7\$aSocial Welfare$2blcoll
=700  1\$aTumang, Patricia Justine.
=700  1\$aRivera, Jenesha de.
=852  41$aBritish Library$bHMNTS$jYC.2010.a.5411
=852  41$aBritish Library$bHMNTS$jSPIS305.4896914
=852  \\$aBritish Library$bDSC
=856  41$3Table of contents only$uhttp://www.loc.gov/catdir/toc/ecip071/2006030701.html
=856  42$3Publisher description$uhttp://www.loc.gov/catdir/enhancements/fy0712/2006030701-d.html
=BUF  \\$aN$d20071015
=CAT  \\$aBATCH-CIP$b00$c20061219$lBLL01$h1701
=CAT  \\$aBATCH$b00$c20061219$lBLL01$h1702
=CAT  \\$aBATCH$b00$c20061219$lBLL01$h1708
=CAT  \\$aBATCH$b00$c20070126$lBLL01$h0940
=CAT  \\$aBATCH$b00$c20070126$lBLL01$h0942
=CAT  \\$a12664$b40$c20071015$lBLL01$h1204
=CAT  \\$aBATCH-BUOC$b00$c20071018$lBLL01$h2217
=CAT  \\$aBATCH$b00$c20110625$lBLL01$h0525
=CAT  \\$aBATCH-SWP4$c20110627$lBLL01$h1608
=CAT  \\$aWR16_021$c20160616$lBLL01$h1814
=FIN  \\$aY$d20071015
=FMT  \\$a  BK
=LAS  \\$aWR16_021$b00$c20160616$lBLL01$h1814

