=LDR  02053aam a2200529 a 4500
=001  013630287
=003  Uk
=005  20100427141713.0
=008  060329s2006\\\\pauaf\\\\b\\\s001\0\eng\\
=010  \\$a  2006010366
=015  \\$aGBA6A6946$2bnb
=016  7\$a013630287$2Uk
=020  \\$a9780271027401 (hbk.) :$c£74.50
=020  \\$a0271027401 (hbk.) :$c£74.50
=040  \\$aStDuBDS$beng$cStDuBDS$dUk
=042  \\$aukblsr
=043  \\$ae-sp---
=082  00$a745.6749240946$222
=100  1\$aKogman-Appel, Katrin.
=245  10$aIlluminated haggadot from medieval Spain :$bbiblical imagery and the Passover holiday /$cKatrin Kogman-Appel.
=260  \\$aUniversity Park, Pa. :$bPennsylvania State University Press ;$aLondon :$bEurospan [distributor],$c2006.
=300  \\$axxii, 295 p., [133] p. of plates :$bill. (some col.) ;$c27 cm.
=336  \\$atext$2rdacontent
=337  \\$aunmediated$2rdamedia
=338  \\$avolume$2rdacarrier
=500  \\$aFormerly CIP.$5Uk
=504  \\$aIncludes bibliographical references (p. [279]-284) and index.
=650  \0$aIllumination of books and manuscripts, Jewish$zSpain.
=650  \0$aHaggadot$vIllustrations.
=650  \0$aJewish art and symbolism$zSpain.
=650  \0$aIllumination of books and manuscripts, Medieval$zSpain.
=852  41$aBritish Library$bHMNTS$jYC.2007.b.228
=852  41$aBritish Library$bDSC$jm06/.39268
=852  41$aBritish Library$bOC
=856  41$3Table of contents only$uhttp://www.loc.gov/catdir/toc/ecip0611/2006010366.html
=985  \\$aPotential duplicate - ISBN matched when loading CiP record
=BUF  \\$aN$d20070209
=CAT  \\$aBATCH-CIP$b00$c20061219$lBLL01$h1701
=CAT  \\$aBATCH$b00$c20061219$lBLL01$h1703
=CAT  \\$aBATCH$b00$c20061219$lBLL01$h1709
=CAT  \\$a12493$b40$c20070209$lBLL01$h1628
=CAT  \\$aBATCH-BUOC$b00$c20070215$lBLL01$h2135
=CAT  \\$a10883$b40$c20100427$lBLL01$h1417
=CAT  \\$aWR16_021$c20160616$lBLL01$h1815
=FIN  \\$aY$d20070209
=FMT  \\$a  BK
=LAS  \\$aWR16_021$b00$c20160616$lBLL01$h1815

