=LDR  02083 am a2200541 a 4500
=001  013631340
=003  Uk
=005  20070703160049.0
=008  060316s2006\\\\wiuab\\\\b\\\s001\0\eng\\
=010  \\$a  2006008875
=015  \\$aGBA750858$2bnb
=016  7\$a013631340$2Uk
=020  \\$a9780299218706 (cased) :$cNo price
=020  \\$a0299218708 (cased) :$cNo price
=035  \\$a(OCoLC)ocm65197808
=035  \\$a(OCoLC)65197808
=040  \\$aDLC$cDLC$dBAKER$dGZM$dC#P$dBTCTA$dYDXCP$dDLC$dUk
=042  \\$aukblcatcopy
=043  \\$an-us-wi
=050  00$aHE8697.95.U6$bD38 2006
=082  00$a384.540977583$222
=100  1\$aDavidson, Randall,$d1959-
=245  10$a9XM talking :$bWHA Radio and the Wisconsin idea /$cRandall Davidson.
=246  3\$aNine XM talking
=246  30$aWHA Radio and the Wisconsin idea
=260  \\$aMadison, Wis. ;$aLondon :$bUniversity of Wisconsin Press, Terrace Books,$cc2006.
=300  \\$axv, 405 p. :$bill., maps ;$c24 cm.
=336  \\$atext$2rdacontent
=337  \\$aunmediated$2rdamedia
=338  \\$avolume$2rdacarrier
=504  \\$aIncludes bibliographical references (p. 381-384) and indexes.
=610  20$aWHA (Radio station : Madison, Wis.)$xHistory.
=650  \0$aPublic radio$zWisconsin$xHistory.
=650  \0$aEducational radio stations$zWisconsin$xHistory.
=852  41$aBritish Library$bHMNTS$jYK.2007.a.10259
=852  \\$aBritish Library$bDSC
=856  41$3Table of contents only$uhttp://www.loc.gov/catdir/toc/ecip0610/2006008875.html
=856  42$3Contributor biographical information$uhttp://www.loc.gov/catdir/enhancements/fy0666/2006008875-b.html
=856  42$3Publisher description$uhttp://www.loc.gov/catdir/enhancements/fy0666/2006008875-d.html
=CAT  \\$aBATCH-APP$b00$c20061221$lBLL01$h1107
=CAT  \\$aBATCH$b00$c20061221$lBLL01$h1107
=CAT  \\$aBATCH$b00$c20061221$lBLL01$h1109
=CAT  \\$a6632$b40$c20070703$lBLL01$h1600
=CAT  \\$aWR16_021$c20160616$lBLL01$h1815
=FIN  \\$aY$d20070703
=FMT  \\$a  BK
=LAS  \\$aWR16_021$b00$c20160616$lBLL01$h1815
=SRC  \\$aBLL02

