=LDR  01831 am a2200493 a 4500
=001  013641782
=003  Uk
=005  20070113133357.0
=008  051025s2006\\\\caua\\\\\b\\\s001\0\eng\\
=010  \\$a  2005031018
=015  \\$aGBA703599$2bnb
=016  7\$a013641782$2Uk
=020  \\$a9780520098527 (pbk.) :$c£26.95
=020  \\$a0520098528 (pbk.) :$c£26.95
=035  \\$a(OCoLC)ocm62172836
=040  \\$aDLC$cDLC$dC#P$dBAKER$dDLC$dUk
=042  \\$aukblsr
=050  00$aPM2595$b.S44 2006
=082  00$a497.41$222
=100  10$aShepherd, Alice.
=245  10$aProto-Wintun /$cAlice Shepherd.
=260  \\$aBerkeley, Calif. ;$aLondon :$bUniversity of California Press,$cc2006.
=300  \\$axvii, 247 p. :$bill. ;$c26 cm.
=336  \\$atext$2rdacontent
=337  \\$aunmediated$2rdamedia
=338  \\$avolume$2rdacarrier
=490  1\$aUniversity of California publications. Linguistics ;$vv. 137
=504  \\$aIncludes bibliographical references (p. 240-247) and index.
=650  \0$aWintun languages$xGrammatical categories.
=650  \0$aWintun languages$xMorphology.
=650  \0$aWintun languages$xCognate words.
=830  \0$aUniversity of California publications in linguistics ;$vv. 137.
=852  41$aBritish Library$bHMNTS$jYC.2007.b.94
=852  \\$aBritish Library$bHMNTS
=856  41$3Table of contents$uhttp://www.loc.gov/catdir/toc/ecip062/2005031018.html
=856  42$3Publisher description$uhttp://www.loc.gov/catdir/enhancements/fy0642/2005031018-d.html
=CAT  \\$a10876$b40$c20070111$lBLL01$h1141
=CAT  \\$a10876$b40$c20070111$lBLL01$h1142
=CAT  \\$a6632$b40$c20070113$lBLL01$h1333
=CAT  \\$aWR16_021$c20160617$lBLL01$h1804
=CAT  \\$aBATCH-UPD$b00$c20160617$lBLL01$h1812
=FIN  \\$aY$d20070113
=FMT  \\$a  BK
=LAS  \\$aBATCH-UPD$b00$c20160617$lBLL01$h1812

