=LDR  03454cam a2200709 a 4500
=001  013648135
=003  Uk
=005  20230930111115.0
=008  060216s2007\\\\ohuab\\\\b\\\s001\0\eng\\
=010  \\$a  2006005362
=015  \\$aGBA752611$2bnb
=016  7\$a013648135$2Uk
=020  \\$a9780821416587 (hbk.) :$cNo price
=020  \\$a0821416588 (hbk.) :$cNo price
=035  \\$a(OCoLC)ocm64427344
=040  \\$aDLC$cDLC$dDLC$dUk
=042  \\$aukblcatcopy
=043  \\$an-us-oh
=050  00$aHE2791.H68353$bM55 2007
=082  00$a385.097719$222
=100  10$aMiller, Edward H.
=245  14$aThe Hocking Valley Railway /$cEdward H. Miller ; foreword by Thomas W. Dixon, Jr. ; historical introduction by H. Roger Grant.
=260  \\$aAthens, Ohio :$bOhio University Press,$cc2007.
=300  \\$axvi, 347 p. :$bill., maps ;$c27 cm.
=336  \\$atext$2rdacontent
=337  \\$aunmediated$2rdamedia
=338  \\$avolume$2rdacarrier
=504  \\$aIncludes bibliographical references (p. 343-344) and index.
=505  0\$aOhio enters the railway age -- Birth of a vision -- The Columbus and Hocking Valley Railroad -- The Columbus and Toledo Railroad -- The Ohio and West Virginia Railway -- The Columbus, Hocking Valley, and Toledo Railway -- The Wellston and Jackson belt -- The Hocking Valley Railway -- Under C&O control -- Mobilization to merger -- The Chesapeake and Ohio Railway -- The former Hocking Valley after merger with the C&O -- Following the Hocking Valley line today -- Stations and places -- Engineering and rolling stock.
=540  \\$aCurrent Copyright Fee: GBP17.93$c0$5Uk
=610  20$aHocking Valley Railway$xHistory.
=651  \0$aHocking River Valley (Ohio)$xHistory.
=852  \\$aBritish Library$bDSC
=852  41$aBritish Library$bHMNTS$jYK.2007.b.2773
=856  41$3Table of contents only$uhttp://www.loc.gov/catdir/toc/ecip069/2006005362.html
=856  42$3Contributor biographical information$uhttp://www.loc.gov/catdir/enhancements/fy0629/2006005362-b.html
=856  42$3Publisher description$uhttp://www.loc.gov/catdir/enhancements/fy0629/2006005362-d.html
=ACF  \\$aPrevious Copyright Fee: GBP18.67$c0$e01-oct-2022$fGBP18.67$g0$hC$5Uk
=ACF  \\$aPrevious Copyright Fee: GBP20.29$c0$e01-jan-2023$fGBP20.29$g0$hC$5Uk
=ACF  \\$aPrevious Copyright Fee: GBP18.75$c0$e01-apr-2023$fGBP18.75$g0$hC$5Uk
=CAT  \\$aBATCH-APP$b00$c20070119$lBLL01$h1417
=CAT  \\$aBATCH$b00$c20070119$lBLL01$h1417
=CAT  \\$aBATCH$b00$c20070119$lBLL01$h1419
=CAT  \\$a12327$b40$c20070705$lBLL01$h1228
=CAT  \\$a10883$b40$c20070709$lBLL01$h1120
=CAT  \\$aWR16_021$c20160617$lBLL01$h1805
=CAT  \\$aBATCH-UPD$b00$c20160617$lBLL01$h1821
=CAT  \\$aBATCH-CLAB$c20220908$lBLL01$h1331
=CAT  \\$aIPL-CLA$c20220930$lBLL01$h1559
=CAT  \\$aBATCH-CLAB$c20221217$lBLL01$h1737
=CAT  \\$aIPL-CLA$c20221231$lBLL01$h2132
=CAT  \\$aBATCH-CLAB$c20230324$lBLL01$h1337
=CAT  \\$aIPL-CLA$c20230331$lBLL01$h1649
=CAT  \\$aBATCH-CLAB$c20230601$lBLL01$h1232
=CAT  \\$aIPL-CLA$c20230630$lBLL01$h1726
=CAT  \\$aBATCH-CLAB$c20230907$lBLL01$h1714
=CAT  \\$aIPL-CLA$c20230930$lBLL01$h1111
=CFI  0\$aCurrent Copyright Fee: GBP17.93$c0$e01-oct-2023$fGBP17.93$g0$hC$5Uk
=CFI  2\$aPrevious Copyright Fee: GBP18.46$c0$e01-jul-2023$fGBP18.46$g0$hC$5Uk
=FIN  \\$aY$d20070709
=FMT  \\$a  BK
=LAS  \\$aIPL-CLA$b00$c20230930$lBLL01$h1111

