=LDR  02146 am a2200565 a 4500
=001  013652807
=003  Uk
=005  20070705142940.0
=008  060419s2006\\\\vaua\\\\\b\\\s001\0\eng\\
=010  \\$a  2006013148
=015  \\$aGBA752439$2bnb
=016  7\$a013652807$2Uk
=020  \\$a9780813925707 (cloth : alk. paper) :$cNo price
=020  \\$a0813925703 (cloth : alk. paper) :$cNo price
=035  \\$a(OCoLC)ocm68192318
=035  \\$a(OCoLC)68192318
=040  \\$aDLC$cDLC$dBAKER$dBTCTA$dC#P$dYDXCP$dDLC$dUk
=042  \\$aukblcatcopy
=043  \\$an-us-va$an-us---
=050  00$aF234.P4$bG738 2006
=082  00$a975.503$222
=100  1\$aGreene, A. Wilson.
=245  10$aCivil War Petersburg :$bConfederate city in the crucible of war /$cA. Wilson Greene.
=260  \\$aCharlottesville, Va. :$cLondon :$bUniversity of Virginia Press,$c2006.
=300  \\$axi, 363 p. :$bill. ;$c25 cm.
=336  \\$atext$2rdacontent
=337  \\$aunmediated$2rdamedia
=338  \\$avolume$2rdacarrier
=490  1\$aA nation divided
=504  \\$aIncludes bibliographical references (p. [325]-343) and index.
=651  \0$aPetersburg (Va.)$xHistory, Military$y19th century.
=651  \0$aPetersburg (Va.)$xSocial conditions$y19th century.
=651  \0$aVirginia$xHistory$yCivil War, 1861-1865$xSocial aspects.
=651  \0$aUnited States$xHistory$yCivil War, 1861-1865$xSocial aspects.
=830  \0$aNation divided.
=852  41$aBritish Library$bHMNTS$jYC.2007.a.9614
=852  \\$aBritish Library$bDSC
=856  41$3Table of contents only$uhttp://www.loc.gov/catdir/toc/ecip0612/2006013148.html
=CAT  \\$aBATCH-APP$b00$c20070126$lBLL01$h0940
=CAT  \\$aBATCH$b00$c20070126$lBLL01$h0940
=CAT  \\$aBATCH$b00$c20070126$lBLL01$h0942
=CAT  \\$a12493$b40$c20070704$lBLL01$h1529
=CAT  \\$a10883$b40$c20070705$lBLL01$h1429
=CAT  \\$aBATCH$b00$c20091217$lBLL01$h0445
=CAT  \\$aBATCH$b00$c20100103$lBLL01$h1238
=CAT  \\$aBATCH-UPD$b00$c20101009$lBLL01$h0429
=CAT  \\$aWR16_021$c20160617$lBLL01$h1806
=FIN  \\$aY$d20070705
=FMT  \\$a  BK
=LAS  \\$aWR16_021$b00$c20160617$lBLL01$h1806

