=LDR  02549 am a2200553 a 4500
=001  013652866
=003  Uk
=005  20080320124007.0
=008  060906s2007\\\\ncuab\\\\b\\\\001\0\eng\\
=010  \\$a  2006029579
=015  \\$aGBA849779$2bnb
=016  7\$a013652866$2Uk
=020  \\$a9780786427581 (cased) :$cNo price
=020  \\$a0786427582 (cased) :$cNo price
=040  \\$aDLC$cDLC$dDLC$dUk
=042  \\$aukblcatcopy
=043  \\$an-us---$aew-----
=050  00$aD769.306 784th$b.W55 2007
=082  00$a940.541273$222
=100  1\$aWilson, Joe,$d1955-
=245  14$aThe 784th Tank Battalion in World War II :$bhistory of an African American armored unit in Europe /$cJoe Wilson, Jr. ; foreword by Bill Smith ; afterword by Joseph E. Wilson, Sr.
=260  \\$aJefferson, N.C. ;$aLondon :$bMcFarland,$cc2007.
=300  \\$ax, 205 p. :$bill., map ;$c26 cm.
=336  \\$atext$2rdacontent
=337  \\$aunmediated$2rdamedia
=338  \\$avolume$2rdacarrier
=504  \\$aIncludes bibliographical references (p. 197-199) and index.
=520  \\$a"Chronicles history of first African Americans serving in armored units, service of 784th Tank Battalion. Observations and comments from veterans of the battalion, it paints a vivid picture of World War II as seen through the eyes of soldiers who had to confront second-class treatment by their army and fellow soldiers while enduring the horrors of war"--Provided by publisher.
=610  10$aUnited States.$bArmy.$bTank Battalion (Light), 784th.
=610  10$aUnited States.$bArmy$xAfrican American troops.
=650  \0$aWorld War, 1939-1945$xParticipation, African American.
=650  \0$aAfrican American soldiers$xHistory$y20th century.
=650  \0$aWorld War, 1939-1945$xCampaigns$zWestern Front.
=650  \0$aWorld War, 1939-1945$xTank warfare.
=852  41$aBritish Library$bHMNTS$jYC.2008.b.346
=852  \\$aBritish Library$bDSC
=856  41$3Table of contents only$uhttp://www.loc.gov/catdir/toc/ecip0620/2006029579.html
=CAT  \\$aBATCH-APP$b00$c20070126$lBLL01$h0940
=CAT  \\$aBATCH$b00$c20070126$lBLL01$h0940
=CAT  \\$aBATCH$b00$c20070126$lBLL01$h0942
=CAT  \\$aBATCH-UPD$b00$c20070126$lBLL01$h0948
=CAT  \\$a11029$b40$c20070709$lBLL01$h1427
=CAT  \\$a8202$b40$c20080320$lBLL01$h1240
=CAT  \\$aWR16_021$c20160617$lBLL01$h1806
=CAT  \\$aBATCH-UPD$b00$c20160617$lBLL01$h1830
=CAT  \\$aBATCH-UPD$b00$c20171110$lBLL01$h2034
=FIN  \\$aY$d20080320
=FMT  \\$a  BK
=LAS  \\$aBATCH-UPD$b00$c20171110$lBLL01$h2034

