=LDR  01981aam a2200553 a 4500
=001  013655409
=003  Uk
=005  20070927213721.0
=008  061219s2007\\\\ne\a\\\\\b\\\\001\0\eng\\
=010  \\$a  2006102454
=015  \\$aGBA707929$2bnb
=016  7\$a013655409$2Uk
=020  \\$a9780123705488 (cased) :$c£54.99
=020  \\$a0123705487 (cased) :$c£54.99
=020  \\$a9780123740137 (pbk.) :$cNo price
=020  \\$a0123740134 (pbk.) :$cNo price
=040  \\$aStDuBDS$beng$cStDuBDS$dUk
=042  \\$aukblsr
=050  00$aTK5105.5$b.P479 2007
=082  00$a004.65$222
=100  1\$aPeterson, Larry L.
=245  10$aComputer networks :$ba systems approach /$cLarry L. Peterson & Bruce S. Davie.
=250  \\$a4th ed.
=260  \\$aSan Francisco, Calif. :$bMorgan Kaufmann ;$aOxford :$bElsevier Science [distributor],$cc2007.
=300  \\$axxvii, 806 p. :$bill. ;$c25 cm.
=336  \\$atext$2rdacontent
=337  \\$aunmediated$2rdamedia
=338  \\$avolume$2rdacarrier
=500  \\$aFormerly CIP.$5Uk
=504  \\$aIncludes bibliographical references (p. [769]-783) and index.
=650  \0$aComputer networks.
=700  1\$aDavie, Bruce S.
=852  41$aBritish Library$bHMNTS$jYK.2007.a.15587
=852  \\$aBritish Library$bDSC
=856  42$3Publisher description$uhttp://www.loc.gov/catdir/enhancements/fy0704/2006102454-d.html
=BUF  \\$aN$d20070920
=CAT  \\$aBATCH-CIP$b00$c20070130$lBLL01$h1700
=CAT  \\$aBATCH$b00$c20070130$lBLL01$h1702
=CAT  \\$aBATCH$b00$c20070130$lBLL01$h1706
=CAT  \\$aBATCH$b00$c20070207$lBLL01$h1339
=CAT  \\$aBATCH$b00$c20070207$lBLL01$h1348
=CAT  \\$a6524$b40$c20070920$lBLL01$h1146
=CAT  \\$aBATCH-BUOC$b00$c20070927$lBLL01$h2137
=CAT  \\$aWR16_021$c20160617$lBLL01$h1806
=CAT  \\$aBATCH-UPD$b00$c20160617$lBLL01$h1832
=CAT  \\$aBATCH-UPD$b00$c20201128$lBLL01$h1717
=FIN  \\$aY$d20070920
=FMT  \\$a  BK
=LAS  \\$aBATCH-UPD$b00$c20201128$lBLL01$h1717

