=LDR  02629aam a2200661 a 4500
=001  013662304
=003  Uk
=005  20100608114723.0
=008  061117s2006\\\\si\a\\\\\b\\\\001\0\eng\d
=010  \\$a  2006449664
=015  \\$aGBA876878$2bnb
=016  7\$a013662304$2Uk
=020  \\$a9789812303974 (hbk.) :$cNo price
=020  \\$a9812303979 (hbk.) :$cNo price
=035  \\$a(OCoLC)75453056
=040  \\$aHUA$beng$cHUA$dDLC$dUk
=041  1\$aeng$hrus
=042  \\$aukblsr
=043  \\$aae-----
=050  00$aHF1600.5$b.V6713 2006
=082  00$a337.5$222
=130  0\$aVostochnai͡a Azii͡a mezhdu regionalizmom i globalizmom.$lEnglish.
=245  10$aEast Asia :$bbetween regionalism and globalism /$cedited by Gennady Chufrin.
=260  \\$aSingapore :$bInstitute of Southeast Asian Studies,$c2006.
=300  \\$axii, 116 p. :$bill. ;$c24 cm.
=336  \\$atext$2rdacontent
=337  \\$aunmediated$2rdamedia
=338  \\$avolume$2rdacarrier
=500  \\$a"This book is an abridged English-language edition of a monograph originally published in 2004 in Moscow Russia [entitled: Vostochnai͡a Azii͡a mezhdu regionalizmom i globalizmom]"--Pref.
=504  \\$aIncludes bibliographical references and index.
=546  \\$aTranslation from Russian.
=650  \0$aRegionalism$zEast Asia.
=650  \0$aGlobalization.
=651  \0$aEast Asia$xForeign economic relations.
=690  7\$aManagement and Business Studies$2blcoll
=700  1\$aChufrin, G. I.$q(Gennadiĭ Illarionovich).
=710  2\$aInstitute of Southeast Asian Studies.
=710  2\$aInstitut mirovoĭ ėkonomiki i mezhdunarodnykh otnosheniĭ (Rossiĭskai︠a︡ akademii︠a︡ nauk)
=852  41$aBritish Library$bOC$jYD.2010.a.7130
=852  41$aBritish Library$bDSC
=852  41$aBritish Library$bHMNTS$jYC.2008.a.6281
=856  41$3Table of contents only$uhttp://www.loc.gov/catdir/toc/fy0712/2006449664.html
=CAT  \\$a6191$b40$c20070207$lBLL01$h1543
=CAT  \\$a10904$b40$c20070627$lBLL01$h1418
=CAT  \\$aBATCH-BUOC$b00$c20070705$lBLL01$h2137
=CAT  \\$a7732$b40$c20080612$lBLL01$h1344
=CAT  \\$aBATCH-UPD$b40$c20080802$lBLL01$h2010
=CAT  \\$aBATCH-UPD$b40$c20080922$lBLL01$h2328
=CAT  \\$aBATCH$b00$c20090624$lBLL01$h1723
=CAT  \\$a9666$b40$c20100608$lBLL01$h1146
=CAT  \\$a9666$b40$c20100608$lBLL01$h1147
=CAT  \\$aWR16_021$c20160617$lBLL01$h1808
=CAT  \\$a5194$b40$c20180221$lBLL01$h1141
=CAT  \\$aBATCH-UPD$b40$c20180221$lBLL01$h1142
=FIN  \\$aY$d20070627
=FMT  \\$a  BK
=LAS  \\$aBATCH-UPD$b40$c20180221$lBLL01$h1142
=SID  \\$aZ39$bLOC

