=LDR  02437 am a2200577 a 4500
=001  013676226
=003  Uk
=005  20070510213659.0
=008  061012s2007\\\\ilu\\\\\\b\\\\001\0\eng\\
=010  \\$a  2006033988
=015  \\$aGBA715802$2bnb
=016  7\$a013676226$2Uk
=020  \\$a9780226298245 (cloth : alk. paper) :$cNo price
=020  \\$a0226298248 (cloth : alk. paper) :$cNo price
=035  \\$a(OCoLC)ocm74029223
=035  \\$a(OCoLC)74029223
=040  \\$aDLC$cDLC$dBAKER$dC#P$dBTCTA$dYDXCP$dDLC$dUk
=042  \\$aukblsr
=043  \\$an-us---
=050  00$aB832$b.G53 2007
=082  00$a973.0496073$222
=100  1\$aGlaude, Eddie S.,$d1968-
=245  10$aIn a shade of blue :$bpragmatism and the politics of Black America /$cEddie S. Glaude, Jr.
=260  \\$aChicago ;$aLondon :$bUniversity of Chicago Press,$cc2007.
=300  \\$axv, 189 p. ;$c24 cm.
=336  \\$atext$2rdacontent
=337  \\$aunmediated$2rdamedia
=338  \\$avolume$2rdacarrier
=504  \\$aIncludes bibliographical references (p. [157]-176) and index.
=505  0\$aTragedy and moral experience : John Dewey and Toni Morrison's Beloved -- "Black and proud" : reconstructing black identity -- "Ethiopia shall stretch forth her hands unto God" : the problem of history in black theology -- Agency, slavery, and African American Christianity -- Explicating Black nationalism -- The eclipse of a black public and the challenge of a post-soul politics.
=600  10$aDewey, John,$d1859-1952.
=650  \0$aPragmatism.
=650  \0$aAfrican Americans$xReligion.
=650  \0$aAfrican Americans$xPolitics and government.
=852  41$aBritish Library$bHMNTS$jYC.2007.a.10684
=852  41$aBritish Library$bDSC
=856  41$3Table of contents only$uhttp://www.loc.gov/catdir/toc/ecip073/2006033988.html
=BUF  \\$aN3$d20070227
=CAT  \\$aBATCH-APP$b00$c20070219$lBLL01$h1514
=CAT  \\$aBATCH$b00$c20070219$lBLL01$h1514
=CAT  \\$aBATCH$b00$c20070219$lBLL01$h1517
=CAT  \\$aBATCH-UPD$b00$c20070219$lBLL01$h1521
=CAT  \\$a12666$b40$c20070226$lBLL01$h1111
=CAT  \\$a10883$b40$c20070227$lBLL01$h1109
=CAT  \\$aBATCH-BUOC$b00$c20070510$lBLL01$h2136
=CAT  \\$aBATCH-UPD$b00$c20070510$lBLL01$h2158
=CAT  \\$aBATCH-UPD$b00$c20080423$lBLL01$h2140
=CAT  \\$aWR16_021$c20160617$lBLL01$h1809
=FIN  \\$aY$d20070227
=FMT  \\$a  BK
=LAS  \\$aWR16_021$b00$c20160617$lBLL01$h1809

