=LDR  02270 am a2200589 a 4500
=001  013676233
=003  Uk
=005  20100504120137.0
=008  061019m20072010ncuc\\\\\b\\\\001\0ceng\\
=010  \\$a2006034478  
=015  \\$aGBA752409$2bnb
=016  7\$a013676233$2Uk
=020  \\$a9780786428281 (v. 1) :$cNo price
=020  \\$a0786428287 (v. 1) :$cNo price
=020  \\$a9780786433575 (v. 2)
=040  \\$aDLC$cDLC$dDLC$dUk
=042  \\$aukblsr
=043  \\$an-us---
=050  00$aGV865.A1$bB645 2007
=082  00$a796.3570922$222
=100  1\$aBoxerman, Burton Alan,$d1933-
=245  10$aJews and baseball /$cBurton A. Boxerman and Benita W. Boxerman ; foreword by Martin Abramowitz.
=260  \\$aJefferson, N.C. ;$aLondon :$bMcFarland & Co.,$c2007-c2010.
=300  \\$a2 v. :$bports. ;$c26 cm.
=336  \\$atext$2rdacontent
=337  \\$aunmediated$2rdamedia
=338  \\$avolume$2rdacarrier
=504  \\$aIncludes bibliographical references and index.
=505  0\$av. 1. Entering the American mainstream, 1871-1948 -- v. 2. The post-Greenberg years, 1949-2008 / foreword by Ron Kaplan.
=650  \0$aJewish baseball players$zUnited States$vBiography.
=650  \0$aJews$xCultural assimilation$zUnited States.
=650  \0$aBaseball$xReligious aspects$xJudaism.
=700  1\$aBoxerman, Benita W.
=852  41$aBritish Library$bHMNTS$jYC.2010.b.1034$ivol. 2
=852  \\$aBritish Library$bDSC
=852  41$aBritish Library$bHMNTS$jYC.2007.b.1242$ivol. 1
=856  41$3Table of contents only$uhttp://www.loc.gov/catdir/toc/ecip073/2006034478.html
=CAT  \\$aBATCH-APP$b00$c20070219$lBLL01$h1514
=CAT  \\$aBATCH$b00$c20070219$lBLL01$h1514
=CAT  \\$aBATCH$b00$c20070219$lBLL01$h1517
=CAT  \\$a11009$b40$c20070705$lBLL01$h1210
=CAT  \\$a11009$b40$c20070706$lBLL01$h1340
=CAT  \\$a11009$b40$c20070711$lBLL01$h1454
=CAT  \\$a11012$b40$c20100430$lBLL01$h1259
=CAT  \\$a11250$b40$c20100504$lBLL01$h1158
=CAT  \\$a11250$b40$c20100504$lBLL01$h1201
=CAT  \\$aWR16_021$c20160617$lBLL01$h1809
=CAT  \\$aBATCH-UPD$b00$c20160617$lBLL01$h1855
=CAT  \\$aBATCH-UPD$b00$c20160711$lBLL01$h0400
=FIN  \\$aY$d20070706
=FMT  \\$a  BK
=LAS  \\$aBATCH-UPD$b00$c20160711$lBLL01$h0400

