=LDR  02688cam a2200685 a 4500
=001  013677910
=003  Uk
=005  20220331224238.0
=008  060906s2007\\\\nyua\\\\\\\\\\000\0\eng\\
=010  \\$a  2006029577
=015  \\$aGBA714035$2bnb
=016  7\$a013677910$2Uk
=020  \\$a9780393062670 (hbk.) :$c£21.00
=020  \\$a0393062678 (hbk.) :$c£21.00
=040  \\$aStDuBDS$beng$cStDuBDS$dUk
=042  \\$aukblsr
=043  \\$an-usa--
=050  00$aF217.A65$bB385 2007
=082  00$a974.00222$222
=100  1\$aBarnwell, Tim,$d1955-
=245  10$aOn earth's furrowed brow :$bthe Appalachian farm in photographs /$cTim Barnwell ; foreword by John Ehle.
=250  \\$a1st ed.
=260  \\$aNew York ;$aLondon :$bW. W. Norton,$c2007.
=300  \\$a159 p. :$bill. ;$c27 cm.
=336  \\$atext$2rdacontent
=337  \\$aunmediated$2rdamedia
=338  \\$avolume$2rdacarrier
=500  \\$aFormerly CIP.$5Uk
=540  \\$aBritish Library not licensed to copy$c0$5Uk
=650  \0$aMountain life$zAppalachian Region, Southern$vPictorial works.
=650  \0$aMountain life$zAppalachian Region, Southern.
=650  \0$aMountain people$zAppalachian Region, Southern$vPictorial works.
=650  \0$aMountain people$zAppalachian Region, Southern.
=650  \0$aFarm life$zAppalachian Region, Southern$vPictorial works.
=650  \0$aFarm life$zAppalachian Region, Southern.
=651  \0$aAppalachian Region, Southern$xSocial life and customs$vPictorial works.
=651  \0$aAppalachian Region, Southern$xSocial life and customs.
=852  41$aBritish Library$bHMNTS$jYK.2007.b.4788
=852  \\$aBritish Library$bDSC
=856  41$3Table of contents only$uhttp://www.loc.gov/catdir/toc/ecip0620/2006029577.html
=BUF  \\$aN$d20071010
=CAT  \\$aBATCH-CIP$b00$c20070220$lBLL01$h1701
=CAT  \\$aBATCH$b00$c20070220$lBLL01$h1702
=CAT  \\$aBATCH$b00$c20070220$lBLL01$h1707
=CAT  \\$aBATCH$b00$c20070517$lBLL01$h1549
=CAT  \\$aBATCH$b00$c20070517$lBLL01$h1550
=CAT  \\$a8479$b40$c20071010$lBLL01$h1432
=CAT  \\$a8479$b40$c20071010$lBLL01$h1433
=CAT  \\$a8479$b40$c20071010$lBLL01$h1434
=CAT  \\$a8479$b40$c20071010$lBLL01$h1451
=CAT  \\$aBATCH-BUOC$b00$c20071018$lBLL01$h2217
=CAT  \\$aBATCH-UPD$b00$c20101009$lBLL01$h0439
=CAT  \\$aBATCH-UPD$b00$c20130415$lBLL01$h2235
=CAT  \\$aWR16_021$c20160617$lBLL01$h1809
=CAT  \\$aBATCH-CLAB$c20220330$lBLL01$h1740
=CAT  \\$aIPL-CLA$c20220331$lBLL01$h2242
=CFI  0\$aBritish Library not licensed to copy$c0$e01-apr-2022$hC$iCFP Excluded$5Uk
=FIN  \\$aY$d20071010
=FMT  \\$a  BK
=LAS  \\$aIPL-CLA$b00$c20220331$lBLL01$h2242

