=LDR  01927aam a2200529 a 4500
=001  013694086
=003  Uk
=005  20070802213609.0
=008  060613s2007\\\\njua\\\\\b\\\\001\0\eng\\
=010  \\$a  2006019566
=015  \\$aGBA720220$2bnb
=016  7\$a013694086$2Uk
=020  \\$a9780131492486 (hbk.) :$c£15.99
=020  \\$a0131492489 (hbk.) :$c£15.99
=040  \\$aStDuBDS$beng$cStDuBDS$dUk
=042  \\$aukblsr
=050  00$aHD31$b.T523 2007
=082  00$a658.409$222
=100  1\$aThompson, Vince,$d1963-
=245  10$aIgnited :$bmanagers! light up your company and career for more power, more purpose, and more success /$cVince Thompson.
=260  \\$aUpper Saddle River, NJ ;$aLondon :$bFinancial Times Prentice Hall,$c2007.
=300  \\$axvii, 293 p. :$bill. ;$c24 cm.
=336  \\$atext$2rdacontent
=337  \\$aunmediated$2rdamedia
=338  \\$avolume$2rdacarrier
=500  \\$aFormerly CIP.$5Uk
=504  \\$aIncludes bibliographical references and index.
=650  \0$aIndustrial management.
=690  7\$aManagement and Business Studies$2blcoll
=852  \\$aBritish Library$bDSC
=852  41$aBritish Library$bHMNTS$jYK.2007.a.11737
=856  41$3Table of contents only$uhttp://www.loc.gov/catdir/toc/ecip0616/2006019566.html
=BUF  \\$aN$d20070720
=CAT  \\$aBATCH-CIP$b00$c20070313$lBLL01$h1700
=CAT  \\$aBATCH$b00$c20070313$lBLL01$h1702
=CAT  \\$aBATCH$b00$c20070313$lBLL01$h1707
=CAT  \\$aBATCH$b00$c20070410$lBLL01$h1212
=CAT  \\$aBATCH$b00$c20070410$lBLL01$h1214
=CAT  \\$a8440$b40$c20070419$lBLL01$h0758
=CAT  \\$a10876$b40$c20070720$lBLL01$h1702
=CAT  \\$a10876$b40$c20070720$lBLL01$h1703
=CAT  \\$aBATCH-BUOC$b00$c20070802$lBLL01$h2136
=CAT  \\$aBATCH$b00$c20090624$lBLL01$h1724
=CAT  \\$aWR16_021$c20160617$lBLL01$h1812
=FIN  \\$aY$d20070720
=FMT  \\$a  BK
=LAS  \\$aWR16_021$b00$c20160617$lBLL01$h1812

