=LDR  02396cam a22004817a 4500
=001  013695871
=003  Uk
=005  20070320123655.0
=008  070214s2007\\\\sz\\\\\\\b\\\o000\0\eng\d
=020  \\$a9291317322 (print)
=020  \\$a9789291317325 (print)
=020  \\$a9291977322 (online)
=020  \\$a9789291977321 (online)
=035  \\$a(OCoLC)83599608
=040  \\$aDJB$cDJB$dUk
=245  00$aGeneral principles for international remittance services /$c[prepared for the] Committee on Payment and Settlement Systems [and the] World Bank.
=260  \\$aBasel, Switzerland :$bBank for International Settlements ;$aWashington, D.C. :$bWorld Bank,$c2007.
=300  \\$avi, 55 p. ;$c30 cm.
=336  \\$atext$2rdacontent
=337  \\$aunmediated$2rdamedia
=338  \\$avolume$2rdacarrier
=500  \\$a"January 2007."
=504  \\$aIncludes bibliographical references.
=505  0\$aIntroduction and executive summary -- A description of the market for remittances -- Analysis of key issues concerning remittance services -- General principles for international remittance services -- Formulating an approach to implementing the general principles -- Annex 1: Possible actions to implement the principles -- Annex 2: Elements of a remittance transfer -- Annex 3: Examples of settlement in remittance services -- Annex 4: Direct links between payment systems -- Annex 5: Extract from G8 summit document -- Annex 6: Selected bibliography -- Annex 7: Glossary -- Annex 8: Members of the task force.
=650  \0$aEmigrant remittances.
=650  \0$aTransfer payments.
=650  \0$aFinancial services industry.
=650  \0$aInternational finance.
=710  2\$aBank for International Settlements.
=710  2\$aGroup of Ten.$bCommittee on Payment and Settlement Systems.
=710  2\$aWorld Bank.
=852  41$aBritish Library$bHMNTS$jOPC.2007.x.27
=852  \\$aBritish Library$bHMNTS
=856  40$3Full text:$uhttp://siteresources.worldbank.org/NEWS/Resources/GeneralPrinciplesforIntRemittances.pdf
=856  40$3Full text:$uhttp://www.bis.org/publ/cpss76.htm
=CAT  \\$a5703$b40$c20070314$lBLL01$h1502
=CAT  \\$a11245$b40$c20070319$lBLL01$h1240
=CAT  \\$a11245$b40$c20070320$lBLL01$h1236
=CAT  \\$aW2308-1659$c20230923$lBLL01$h1036
=FIN  \\$aY$d20070319
=FMT  \\$a  BK
=LAS  \\$aW2308-1659$b00$c20230923$lBLL01$h1036
=SID  \\$aZ39$bOCLC

