=LDR  02402cam a2200637 a 4500
=001  013705864
=003  Uk
=005  20230331165006.0
=008  060824s2007\\\\enka\\\\\bq\\\001\0\eng\\
=010  \\$a  2006028262
=015  \\$aGBA801329$2bnb
=020  \\$a1900650959 (pbk. : alk. paper) :$c£22.50
=035  \\$a(OCoLC)ocm71210186
=035  \\$a(OCoLC)71210186
=040  \\$aDLC$cDLC$dYDX$dBTCTA$dYDXCP$dDLC$dUk
=042  \\$aukblsr
=050  00$aP306.2$b.D53 2007
=082  00$a778.52344$222
=100  1\$aDíaz-Cintas, Jorge.
=245  10$aAudiovisual translation :$bsubtitling /$cJorge Díaz Cintas & Aline Remael.
=260  \\$aManchester, [England] ;$aKinderhook, NY :$bSt. Jerome Pub.,$cc2007.
=300  \\$axii, 272 p. ;$c25 cm.
=336  \\$atext$2rdacontent
=337  \\$aunmediated$2rdamedia
=338  \\$avolume$2rdacarrier
=490  1\$aTranslation practices explained,$x1470-966X ;$v11
=504  \\$aIncludes bibliographical references (p. [255]-262), filmography (p. 263-266), and index.
=540  \\$aCurrent Copyright Fee: GBP34.00$c0$5Uk
=650  \0$aTranslating and interpreting.
=650  \0$aMass media and language.
=650  \0$aDubbing of motion pictures.
=650  \0$aTelevision programs$vTitling.
=650  \0$aMotion pictures$xTitling.
=650  \0$aDiscourse analysis.
=700  1\$aRemael, Aline.
=830  \0$aTranslation practices explained.
=852  41$aBritish Library$bDSC$jVm08/.50003
=852  41$aBritish Library$bDSC
=856  41$3Table of contents only$uhttp://www.loc.gov/catdir/toc/ecip0619/2006028262.html
=BUF  \\$aN3$d20071220
=CAT  \\$a8157$b40$c20070328$lBLL01$h1556
=CAT  \\$a10904$b40$c20071220$lBLL01$h0901
=CAT  \\$aBATCH-BUOC$b00$c20080403$lBLL01$h2147
=CAT  \\$aBATCH-UPD$b00$c20101009$lBLL01$h0452
=CAT  \\$aBATCH-UPD$b00$c20130718$lBLL01$h2228
=CAT  \\$aBATCH-CLAB$c20220330$lBLL01$h1607
=CAT  \\$aIPL-CLA$c20220331$lBLL01$h2243
=CAT  \\$aBATCH-CLAB$c20230324$lBLL01$h1317
=CAT  \\$aIPL-CLA$c20230331$lBLL01$h1650
=CFI  0\$aCurrent Copyright Fee: GBP34.00$c0$e01-apr-2023$fGBP34.00$g0$hC$5Uk
=CFI  2\$aPrevious Copyright Fee: GBP28.00$c0$e01-apr-2022$fGBP28.00$g0$hC$5Uk
=FIN  \\$aY$d20071220
=FMT  \\$a  BK
=LAS  \\$aIPL-CLA$b00$c20230331$lBLL01$h1650
=LCS  0\$aTranslation practices explained,$x1470-966X
=SRC  \\$aBLL02

