=LDR  02322 am a2200529 a 4500
=001  013707521
=003  Uk
=005  20071022085345.0
=008  070126s2007\\\\ncu\\\\\\bc\\\000\0\eng\\
=010  \\$a  2007003643
=015  \\$aGBA785248$2bnb
=016  7\$a013707521$2Uk
=020  \\$a9780786430680 (pbk. : alk. paper) :$cNo price
=020  \\$a0786430680 (pbk. : alk. paper) :$cNo price
=035  \\$a(OCoLC)ocm83608056
=035  \\$a(OCoLC)83608056
=040  \\$aDLC$cDLC$dC#P$dBAKER$dYDXCP$dBTCTA$dDLC$dUk
=042  \\$aukblcatcopy
=043  \\$an-us---$an------$ae------
=050  00$aZ6945$b.N393 2007$aPN4878.5
=082  00$a015.73034$222
=100  1\$aNevins, Jess.
=245  10$aPulp magazine holdings directory :$blibrary collections in North America and Europe /$cJess Nevins.
=260  \\$aJefferson, N.C. ;$aLondon :$bMcFarland & Co.,$cc2007.
=300  \\$av, 235 p. ;$c23 cm.
=336  \\$atext$2rdacontent
=337  \\$aunmediated$2rdamedia
=338  \\$avolume$2rdacarrier
=504  \\$aIncludes bibliographical references (p. 235).
=520  \\$a"This work is a comprehensive index of American pulp magazines. Entries are organized alphabetically by magazine title, and offer bibliographic data including author, volume/issue numbers, dates of publication, publisher, and a brief categorization. Each entry also includes a helpful list of current library holdings, if any, among American, Canadian, and European libraries"--Provided by publisher.
=650  \0$aAmerican periodicals$vBibliography$vUnion lists.
=650  \0$aPulp literature$xPeriodicals$vBibliography$vUnion lists.
=650  \0$aUnion catalogs$zNorth America.
=650  \0$aUnion catalogs$zEurope.
=852  \\$aBritish Library$bDSC
=852  41$aBritish Library$bHMNTS$jYK.2007.a.17934
=856  41$3Table of contents only$uhttp://www.loc.gov/catdir/toc/ecip0710/2007003643.html
=CAT  \\$aBATCH-APP$b00$c20070402$lBLL01$h1203
=CAT  \\$aBATCH$b00$c20070402$lBLL01$h1203
=CAT  \\$aBATCH$b00$c20070402$lBLL01$h1205
=CAT  \\$a9523$b40$c20071022$lBLL01$h0853
=CAT  \\$a11249$b40$c20090603$lBLL01$h1434
=CAT  \\$a11249$b40$c20090605$lBLL01$h1616
=CAT  \\$aWR16_021$c20160617$lBLL01$h1815
=FIN  \\$aY$d20071022
=FMT  \\$a  BK
=LAS  \\$aWR16_021$b00$c20160617$lBLL01$h1815

