=LDR  01970cam a2200565 a 4500
=001  013709212
=003  Uk
=005  20221231213510.0
=008  070117s2007\\\\nyu\\\\\\b\\\\000\0\eng\\
=010  \\$a  2007002047
=015  \\$aGBA726275$2bnb
=016  7\$a013709212$2Uk
=020  \\$a9780826428172 (pbk.) :$c£8.99
=020  \\$a0826428177 (pbk.) :$c£8.99
=035  \\$a(OCoLC)ocm79256802
=035  \\$a(OCoLC)79256802
=040  \\$aStDuBDS$beng$cStDuBDS$dUk
=042  \\$aukblcatcopy
=050  00$aPN1996$b.S355 2007
=082  00$a808.23$222
=100  1\$aSchwartz, Mark Evan.
=245  10$aHow to write :$ba screenplay /$cby Mark Evan Schwartz.
=250  \\$aRev. and expanded.
=260  \\$aNew York ;$aLondon :$bContinuum,$cc2007.
=300  \\$ax, 110 p. ;$c23 cm.
=336  \\$atext$2rdacontent
=337  \\$aunmediated$2rdamedia
=338  \\$avolume$2rdacarrier
=500  \\$aFormerly CIP.$5Uk
=504  \\$aIncludes bibliographical references (p. x).
=540  \\$aCurrent Copyright Fee: GBP30.00$c0$5Uk
=650  \0$aMotion picture authorship.
=852  41$aBritish Library$bHMNTS$jYK.2008.a.15807
=852  \\$aBritish Library$bDSC
=856  41$3Table of contents only$uhttp://www.loc.gov/catdir/toc/ecip078/2007002047.html
=CAT  \\$aBATCH-CIP$b00$c20070403$lBLL01$h1701
=CAT  \\$aBATCH$b00$c20070403$lBLL01$h1702
=CAT  \\$aBATCH$b00$c20070403$lBLL01$h1707
=CAT  \\$aBATCH$b00$c20070621$lBLL01$h0939
=CAT  \\$aBATCH$b00$c20070621$lBLL01$h0942
=CAT  \\$a12664$b40$c20071122$lBLL01$h1417
=CAT  \\$a12664$b40$c20071122$lBLL01$h1419
=CAT  \\$a12666$b40$c20080903$lBLL01$h0939
=CAT  \\$aWR16_021$c20160617$lBLL01$h1815
=CAT  \\$aBATCH-CLAB$c20221217$lBLL01$h1750
=CAT  \\$aIPL-CLA$c20221231$lBLL01$h2135
=CFI  0\$aCurrent Copyright Fee: GBP30.00$c0$e01-jan-2023$fGBP30.00$g0$hC$5Uk
=FIN  \\$aY$d20080903
=FMT  \\$a  BK
=LAS  \\$aIPL-CLA$b00$c20221231$lBLL01$h2135

