=LDR  03998cam a2200721 a 4500
=001  013710397
=003  Uk
=005  20230908012043.0
=008  070108s2007\\\\nyua\\\\\b\\\\001\0\eng\\
=010  \\$a  2007000617
=015  \\$aGBA750272$2bnb
=016  7\$a013710397$2Uk
=020  \\$a9780849391828 (hbk.) :$c£145.00
=020  \\$a0849391822 (hbk.) :$c£145.00
=040  \\$aStDuBDS$beng$cStDuBDS$dUk
=042  \\$aukblsr
=050  00$aRC737.5$b.O265 2007
=082  00$a616.209$222
=245  00$aObstructive sleep apnea :$bdiagnosis and treatment /$cedited by Clete A. Kushida.
=246  30$aDiagnosis and treatment
=260  \\$aLondon :$bInforma Healthcare,$c2007.
=300  \\$aix, 442 p., [8] p. of plates. :$bill. (some col.) ;$c24 cm.
=336  \\$atext$2rdacontent
=337  \\$aunmediated$2rdamedia
=338  \\$avolume$2rdacarrier
=490  1\$aSleep disorders ;$v4
=500  \\$aFormerly CIP.$5Uk
=504  \\$aIncludes bibliographical references and index.
=505  0\$aHistory and physical examination / Ramsey, Khanna, Strohl -- Screening and case finding / George -- PSG and cardiorespiratory monitoring / Littner -- Upper airway imaging / Patel, Schwab -- Alertness and sleepiness assessment / Hirshkowitz -- CPAP / Buchanan, Grunstein -- Bilevel pressure and adaptive servo-ventilation for obstructive and complex sleep apnea / Gay -- Auto-positive airway pressure / Berry -- Critical factors in positive pressure therapy / Leibowitz, Aloia -- Noninvasive positive ventilation / Robert, Argaud -- Upper airway surgery in the adult / Sesso ... [et al.] -- Oral appliances / Cistulli, Darendeliler -- Adjunctive and alternative therapies / Mulgrew, Sigurdson, Ayas -- Gender differences / Krishnan, Collop -- Obstructive sleep apnea in children / Pelayo, Li -- Obstructive sleep apnea in the elderly / Fiorentino, Ancoli-Israel -- Medication effects / Dopheide -- Snoring and upper airway resistance syndrome (UARS) / Stoohs, Aschmann -- Central sleep apnea / Badr -- Other respiratory conditions and disorders / Fanfulla -- Other sleep disorders / Bhatt, Chokroverty -- Neurologic disorders / Alattar, Vaughn -- Medical disorders / Ballard -- Legal implications of obstructive sleep apnea / Brown -- A concluding note and future directions / Dement.
=540  \\$aBritish Library not licensed to copy$c0$5Uk
=650  \0$aSleep apnea syndromes.
=650  12$aSleep Apnea, Obstructive$xdiagnosis.
=650  22$aSleep Apnea, Obstructive$xtherapy.
=700  1\$aKushida, Clete Anthony,$d1960-
=830  \0$aSleep disorders (New York, N.Y.) ;$v4.
=830  \0$aSleep disorders ;$v4
=852  41$aBritish Library$bDSC$j8309.451000$iv. 4
=852  \\$aBritish Library$bDSC
=852  11$aBritish Library$bSTI$k(B)$h616.209
=856  41$3Table of contents only$uhttp://www.loc.gov/catdir/toc/ecip078/2007000617.html
=856  42$3Publisher description$uhttp://www.loc.gov/catdir/enhancements/fy0708/2007000617-d.html
=BUF  \\$aN$d20070628
=CAT  \\$aBATCH-APP$b00$c20070404$lBLL01$h1508
=CAT  \\$aBATCH$b00$c20070404$lBLL01$h1509
=CAT  \\$aBATCH$b00$c20070404$lBLL01$h1515
=CAT  \\$a7233$b40$c20070628$lBLL01$h1343
=CAT  \\$aBATCH-BUOC$b00$c20070906$lBLL01$h2151
=CAT  \\$a10876$b40$c20091007$lBLL01$h1441
=CAT  \\$aBATCH$b00$c20091217$lBLL01$h0451
=CAT  \\$aBATCH$b00$c20100103$lBLL01$h1244
=CAT  \\$aWR16_021$c20160617$lBLL01$h1816
=CAT  \\$aBATCH-CLA$b00$c20161004$lBLL01$h0127
=CAT  \\$aBATCH-CLAB$c20230324$lBLL01$h1333
=CAT  \\$aBATCH-CLA$b00$c20230325$lBLL01$h0130
=CAT  \\$aBATCH-CLAB$c20230601$lBLL01$h1231
=CAT  \\$aBATCH-CLA$b00$c20230602$lBLL01$h0119
=CAT  \\$aBATCH-CLAB$c20230907$lBLL01$h1713
=CAT  \\$aBATCH-CLA$b00$c20230908$lBLL01$h0120
=CFI  0\$aBritish Library not licensed to copy$c0$e07-sep-2011$hC$iTX$5Uk
=FIN  \\$aY$d20070628
=FMT  \\$a  BK
=LAS  \\$aBATCH-CLA$b00$c20230908$lBLL01$h0120
=TCO  \\$aTRS$bCCC$c008

