=LDR  02192 am a2200589 a 4500
=001  013734533
=003  Uk
=005  20080826134147.0
=008  061113s2007\\\\ksuab\\\\b\\\s001\0deng\\
=010  \\$a  2006037913
=015  \\$aGBA8A2534$2bnb
=016  7\$a013734533$2Uk
=020  \\$a9780700615186 (cloth : alk. paper) :$cNo price
=020  \\$a0700615180 (cloth : alk. paper) :$cNo price
=035  \\$a(OCoLC)ocm76794743
=035  \\$a(OCoLC)76794743
=040  \\$aDLC$cDLC$dBTCTA$dBAKER$dC#P$dYDXCP$dDLC$dUk
=042  \\$aukblsr
=043  \\$an-usp--$anp-----
=050  00$aF591$b.D27 2007
=082  00$a978$222
=100  1\$aDary, David.
=245  10$aTrue tales of the prairies and plains /$cDavid Dary.
=260  \\$aLawrence :$bUniversity Press of Kansas,$cc2007.
=300  \\$axii, 248 p. :$bill., maps ;$c24 cm.
=336  \\$atext$2rdacontent
=337  \\$aunmediated$2rdamedia
=338  \\$avolume$2rdacarrier
=504  \\$aIncludes bibliographical references and index.
=650  \0$aPrairies$zWest (U.S.)$xHistory$vAnecdotes.
=650  \0$aFrontier and pioneer life$zWest (U.S.)$vAnecdotes.
=650  \0$aFrontier and pioneer life$zGreat Plains$vAnecdotes.
=650  \0$aPioneers$zWest (U.S.)$vBiography$vAnecdotes.
=650  \0$aPioneers$zGreat Plains$vBiography$vAnecdotes.
=651  \0$aWest (U.S.)$xHistory$vAnecdotes.
=651  \0$aGreat Plains$xHistory$vAnecdotes.
=651  \0$aWest (U.S.)$xSocial life and customs$vAnecdotes.
=651  \0$aGreat Plains$xSocial life and customs$vAnecdotes.
=852  41$aBritish Library$bHMNTS$jYK.2008.a.15583
=852  \\$aBritish Library$bDSC
=856  41$3Table of contents only$uhttp://www.loc.gov/catdir/toc/ecip075/2006037913.html
=BUF  \\$aN2$d20070508
=CAT  \\$aBATCH-APP$b00$c20070430$lBLL01$h1603
=CAT  \\$aBATCH$b00$c20070430$lBLL01$h1603
=CAT  \\$aBATCH$b00$c20070430$lBLL01$h1605
=CAT  \\$a8440$b40$c20070508$lBLL01$h1103
=CAT  \\$aBATCH-BUOC$b00$c20070621$lBLL01$h2137
=CAT  \\$a6605$b40$c20080826$lBLL01$h1341
=CAT  \\$aWR16_021$c20160617$lBLL01$h1818
=FIN  \\$aY$d20070508
=FMT  \\$a  BK
=LAS  \\$aWR16_021$b00$c20160617$lBLL01$h1818

