=LDR  02078aam a2200589 a 4500
=001  013735562
=003  Uk
=005  20080327214418.0
=008  070515s2008\\\\njua\\\\\b\\\\001\0\eng\\
=010  \\$a  2007020661
=015  \\$aGBA732648$2bnb
=016  7\$a013735562$2Uk
=020  \\$a9780132244329 (hbk.) :$c£35.99
=020  \\$a0132244322 (hbk.) :$c£35.99
=040  \\$aStDuBDS$beng$cStDuBDS$dUk
=042  \\$aukblsr
=050  00$aRT41$b.F873 2008
=082  00$a610.73$222
=100  1\$aRamont, Roberta Pavy.
=245  10$aFundamental nursing care /$cRoberta Pavy Ramont, Dee Maldonado Niedringhaus.
=250  \\$a2nd ed.
=260  \\$aHarlow :$bPrentice Hall,$cc2008.
=300  \\$axxviii, 999 p. :$bill. (some col.) ;$c29 cm. +$e1 CD-ROM (4 3/4 in.)
=336  \\$atext$2rdacontent
=337  \\$aunmediated$2rdamedia
=338  \\$avolume$2rdacarrier
=500  \\$aFormerly CIP.$5Uk
=504  \\$aIncludes bibliographical references (p. 943-952) and index.
=538  \\$aSystem requirements accompanying CD-ROM: Windows.
=538  \\$aSystem requirements accompanying CD-ROM: Macintosh.
=650  \0$aNursing.
=650  12$aNursing Care.
=650  22$aNursing Process.
=650  22$aNursing, Practical.
=700  1\$aNiedringhaus, Dolores Maldonado.
=852  \\$aBritish Library$bDSC
=852  41$aBritish Library$bHMNTS$jYK.2007.b.5866
=856  41$3Table of contents only$uhttp://www.loc.gov/catdir/toc/ecip0718/2007020661.html
=BUF  \\$aN$d20070828
=CAT  \\$aBATCH-CIP$b00$c20070501$lBLL01$h1700
=CAT  \\$aBATCH$b00$c20070501$lBLL01$h1702
=CAT  \\$aBATCH$b00$c20070501$lBLL01$h1707
=CAT  \\$aBATCH$b00$c20070607$lBLL01$h1011
=CAT  \\$aBATCH$b00$c20070607$lBLL01$h1019
=CAT  \\$a10904$b40$c20070828$lBLL01$h1147
=CAT  \\$a12324$b40$c20071203$lBLL01$h1341
=CAT  \\$a12324$b40$c20071203$lBLL01$h1342
=CAT  \\$aBATCH-BUOC$b00$c20080327$lBLL01$h2144
=CAT  \\$aWR16_021$c20160617$lBLL01$h1818
=FIN  \\$aY$d20070828
=FMT  \\$a  BK
=LAS  \\$aWR16_021$b00$c20160617$lBLL01$h1818

