=LDR  02082aam a2200553 a 4500
=001  013741521
=003  Uk
=005  20080121095414.0
=008  070901s2007\\\\enka\\\\\b\\\\001\0\eng\d
=010  \\$a2007280009
=015  \\$aGBA735582$2bnb
=016  7\$a013741521$2Uk
=020  \\$a9781846031700 (pbk.) :$c£12.99
=020  \\$a1846031702 (pbk.) :$c£12.99
=040  \\$aStDuBDS$beng$cStDuBDS$dUk
=042  \\$aukblsr
=050  00$aUG446.5$b.M54 2007
=082  04$a623.74752$222
=245  00$aModelling the Tiger I /$cG. Edmundson ... [et al.] ; consultant editor, Robert Oehler ; series editors, Marcus Cowper and Nikolai Bogdanovic.
=260  \\$aOxford :$bOsprey,$c2007.
=300  \\$a80 p. :$bcol. ill. ;$c25 cm.
=336  \\$atext$2rdacontent
=337  \\$aunmediated$2rdamedia
=338  \\$avolume$2rdacarrier
=490  1\$aOsprey modelling ;$v37
=500  \\$aFormerly CIP.$5Uk
=504  \\$aIncludes bibliographical references (p. 78-79) and index.
=650  \0$aTiger (Tank)$xModels.
=700  1\$aEdmundson, Gary,$d1956-
=700  1\$aOehler, Robert.
=830  \0$aOsprey modelling ;$v37
=852  \\$aBritish Library$bHMNTS
=852  41$aBritish Library$bHMNTS$jYK.2007.a.20893
=856  42$3Contributor biographical information$uhttp://www.loc.gov/catdir/enhancements/fy0804/2007280009-b.html
=856  42$3Publisher description$uhttp://www.loc.gov/catdir/enhancements/fy0804/2007280009-d.html
=856  41$3Table of contents$uhttp://www.loc.gov/catdir/toc/fy0801/2007280009.html
=BUF  \\$aN$d20071204
=CAT  \\$aBATCH-CIP$b00$c20070509$lBLL01$h1037
=CAT  \\$aBATCH$b00$c20070509$lBLL01$h1038
=CAT  \\$aBATCH$b00$c20070509$lBLL01$h1044
=CAT  \\$a10812$b40$c20071204$lBLL01$h1500
=CAT  \\$aBATCH-BUOC$b00$c20071206$lBLL01$h2143
=CAT  \\$a6916$b40$c20080121$lBLL01$h0954
=CAT  \\$aBATCH$b00$c20091217$lBLL01$h0454
=CAT  \\$aBATCH$b00$c20100103$lBLL01$h1247
=CAT  \\$aWR16_021$c20160617$lBLL01$h1820
=FIN  \\$aY$d20071204
=FMT  \\$a  BK
=LAS  \\$aWR16_021$b00$c20160617$lBLL01$h1820

