=LDR  01752 am a2200457 a 4500
=001  013749746
=003  Uk
=005  20070614213531.0
=008  040702s2005\\\\miu\\\\\\b\\\\001\0\eng\\
=010  \\$a  2004015689
=020  \\$a0310252482 (jacketed hardcover : alk. paper)
=020  \\$a0310252490 (companion audio CD)
=035  \\$a(OCoLC)ocm55877836
=040  \\$aDLC$cDLC$dDLC$dUk
=042  \\$aukblsr
=050  00$aBS534.5$b.A78 2005
=082  00$a251.003$222
=245  04$aThe art and craft of biblical preaching :$ba comprehensive resource for today's communicators /$cHaddon Robinson, Craig Brian Larson, general editors.
=250  \\$a1st ed.
=260  \\$aGrand Rapids, Mich. :$bZondervan,$cc2005.
=300  \\$a732 p. ;$c25 cm. +$e1 sound disc (digital ; 4 3/4 in.)
=336  \\$atext$2rdacontent
=337  \\$aunmediated$2rdamedia
=338  \\$avolume$2rdacarrier
=504  \\$aIncludes bibliographical references (p. 717-720) and indexes.
=630  00$aBible$xHomiletical use$vEncyclopedias.
=700  1\$aRobinson, Haddon W.
=700  1\$aLarson, Craig Brian.
=852  41$aBritish Library$bDSC
=852  41$aBritish Library$bDSC$jVm07/.50487
=856  41$3Table of contents only$uhttp://www.loc.gov/catdir/toc/ecip0419/2004015689.html
=856  42$3Publisher description$uhttp://www.loc.gov/catdir/enhancements/fy0633/2004015689-d.html
=856  41$3Sample text$uhttp://www.loc.gov/catdir/enhancements/fy0642/2004015689-s.html
=BUF  \\$aN2$d20070612
=CAT  \\$a8157$b40$c20070518$lBLL01$h1553
=CAT  \\$a10904$b40$c20070612$lBLL01$h0817
=CAT  \\$aBATCH-BUOC$b00$c20070614$lBLL01$h2135
=FIN  \\$aY$d20070612
=FMT  \\$a  BK
=LAS  \\$aBATCH-BUOC$b00$c20070614$lBLL01$h2135
=SRC  \\$aBLL02

