=LDR  01719aam a2200517 a 4500
=001  013751284
=003  Uk
=005  20090319221902.0
=008  070521s2008\\\\mau\\\\\\b\\\\001\0\eng\d
=010  \\$a2007023431  
=015  \\$aGBA738828$2bnb
=016  7\$a013751284$2Uk
=020  \\$a9780205511389 (hbk.) :$c£66.99
=020  \\$a0205511384 (hbk.) :$c£66.99
=040  \\$aStDuBDS$beng$cStDuBDS$dUk
=042  \\$aukblsr
=082  00$a618.92$222
=100  1\$aBerk, Laura E.
=245  10$aInfants, children, and adolescents /$cLaura E. Berk.
=250  \\$a6th ed.
=260  \\$aBoston, Mass. ;$aLondon :$bAllyn and Bacon,$c2008.
=300  \\$a1 v. (various pagings).
=336  \\$atext$2rdacontent
=337  \\$aunmediated$2rdamedia
=338  \\$avolume$2rdacarrier
=500  \\$aFormerly CIP.$5Uk
=504  \\$aIncludes bibliographical references and index.
=650  \0$aChild development.
=650  \0$aInfants$xDevelopment.
=650  \0$aAdolescence.
=852  41$aBritish Library$bHMNTS$jYK.2008.b.2417
=852  \\$aBritish Library$bDSC
=856  41$3Table of contents only$uhttp://www.loc.gov/catdir/toc/ecip0719/2007023431.html
=BUF  \\$aN$d20080422
=CAT  \\$aBATCH-CIP$b00$c20070522$lBLL01$h1701
=CAT  \\$aBATCH$b00$c20070522$lBLL01$h1702
=CAT  \\$aBATCH$b00$c20070522$lBLL01$h1709
=CAT  \\$aBATCH$b00$c20070704$lBLL01$h1340
=CAT  \\$aBATCH$b00$c20070704$lBLL01$h1345
=CAT  \\$a6923$b40$c20080422$lBLL01$h1131
=CAT  \\$aBATCH-BUOC$b00$c20090319$lBLL01$h2218
=CAT  \\$aBATCH$b00$c20090319$lBLL01$h2219
=CAT  \\$aWR16_021$c20160617$lBLL01$h1821
=FIN  \\$aY$d20080422
=FMT  \\$a  BK
=LAS  \\$aWR16_021$b00$c20160617$lBLL01$h1821

