=LDR  01972aam a2200529 a 4500
=001  013755573
=003  Uk
=005  20070823213456.0
=008  070320s2007\\\\ne\a\\\\\b\\\\001\0\eng\\
=010  \\$a  2007010951
=015  \\$aGBA740764$2bnb
=016  7\$a013755573$2Uk
=020  \\$a9780123737441 (pbk.) :$c£22.99
=020  \\$a0123737443 (pbk.) :$c£22.99
=040  \\$aStDuBDS$beng$cStDuBDS$dUk
=042  \\$aukblsr
=050  00$aTK5105.8.E83$bH273 2007
=082  00$a004.68$222
=100  10$aHarrington, Jan L.
=245  10$aEthernet networking for the small office and professional home office /$cJan L. Harrington.
=260  \\$aSan Francisco, Calif. :$bMorgan Kaufmann ;$aOxford :$bElsevier Science [distributor],$c2007.
=300  \\$axi, 340 p. :$bill. ;$c24 cm.
=336  \\$atext$2rdacontent
=337  \\$aunmediated$2rdamedia
=338  \\$avolume$2rdacarrier
=500  \\$aFormerly CIP.$5Uk
=504  \\$aIncludes bibliographical references and index.
=650  \0$aEthernet (Local area network system)
=650  \0$aHome offices.
=650  \0$aBusiness enterprises$xComputer networks.
=852  41$aBritish Library$bHMNTS$jYK.2007.a.21742
=852  41$aBritish Library$bDSC
=856  41$3Table of contents only$uhttp://www.loc.gov/catdir/toc/ecip0714/2007010951.html
=856  42$3Publisher description$uhttp://www.loc.gov/catdir/enhancements/fy0710/2007010951-d.html
=BUF  \\$aN$d20070821
=CAT  \\$aBATCH-CIP$b00$c20070529$lBLL01$h1701
=CAT  \\$aBATCH$b00$c20070529$lBLL01$h1702
=CAT  \\$aBATCH$b00$c20070529$lBLL01$h1708
=CAT  \\$aBATCH$b00$c20070607$lBLL01$h1011
=CAT  \\$aBATCH$b00$c20070607$lBLL01$h1019
=CAT  \\$a8440$b40$c20070821$lBLL01$h0752
=CAT  \\$aBATCH-BUOC$b00$c20070823$lBLL01$h2134
=CAT  \\$aWR16_021$c20160617$lBLL01$h1822
=CAT  \\$aBATCH-UPD$b00$c20160617$lBLL01$h2031
=FIN  \\$aY$d20070821
=FMT  \\$a  BK
=LAS  \\$aBATCH-UPD$b00$c20160617$lBLL01$h2031

