=LDR  02072cam a2200589 a 4500
=001  013784086
=003  Uk
=005  20220331224449.0
=008  070208s2008\\\\caua\\\\\\\\\\001\0\eng\\
=010  \\$a  2007005770
=015  \\$aGBA751494$2bnb
=016  7\$a013784086$2Uk
=020  \\$a9780805303087 (hbk.) :$c£44.99
=020  \\$a0805303081 (hbk.) :$c£44.99
=040  \\$aStDuBDS$beng$cStDuBDS$dUk
=042  \\$aukblsr
=050  00$aQC21.3$b.H37 2008
=082  00$a530$222
=100  10$aHarris, Randy.
=245  10$aModern physics /$cRandy Harris.
=250  \\$a2nd ed.
=260  \\$aSan Francisco, Calif. ;$aHarlow :$bPearson Addison-Wesley,$cc2008.
=300  \\$axiv, 558, [64] p. :$bill. (some col.) ;$c27 cm.
=336  \\$atext$2rdacontent
=337  \\$aunmediated$2rdamedia
=338  \\$avolume$2rdacarrier
=500  \\$aFormerly CIP.$5Uk
=500  \\$aRev. ed. of : Nonclassical physics.1998.
=500  \\$aIncludes index.
=540  \\$aCurrent Copyright Fee: GBP25.00$c0$5Uk
=650  \0$aPhysics$vTextbooks.
=700  1\$aHarris, Randy.$tNonclassical physics.
=852  41$aBritish Library$bHMNTS$jYK.2008.b.4786
=852  \\$aBritish Library$bDSC
=856  41$3Table of contents only$uhttp://www.loc.gov/catdir/toc/ecip0711/2007005770.html
=BUF  \\$aN$d20080822
=CAT  \\$aBATCH-CIP$b00$c20070703$lBLL01$h1701
=CAT  \\$aBATCH$b00$c20070703$lBLL01$h1703
=CAT  \\$aBATCH$b00$c20070703$lBLL01$h1711
=CAT  \\$aBATCH$b00$c20070704$lBLL01$h1340
=CAT  \\$aBATCH$b00$c20070704$lBLL01$h1345
=CAT  \\$a12327$b40$c20080822$lBLL01$h1105
=CAT  \\$a12327$b40$c20080822$lBLL01$h1108
=CAT  \\$aBATCH-BUOC$b00$c20080828$lBLL01$h2143
=CAT  \\$aBATCH-UPD$b00$c20101009$lBLL01$h0521
=CAT  \\$aWR16_021$c20160617$lBLL01$h1828
=CAT  \\$aBATCH-CLAB$c20220330$lBLL01$h1545
=CAT  \\$aIPL-CLA$c20220331$lBLL01$h2244
=CFI  0\$aCurrent Copyright Fee: GBP25.00$c0$e01-apr-2022$fGBP25.00$g0$hC$5Uk
=FIN  \\$aY$d20080822
=FMT  \\$a  BK
=LAS  \\$aIPL-CLA$b00$c20220331$lBLL01$h2244

