=LDR  03204 am a2200697 a 4500
=001  013788635
=003  Uk
=005  20080421095130.0
=008  060310s2006\\\\nyua\\\\\bc\\\001\0deng\\
=010  \\$a  2006008184
=015  \\$aGBA858123$2bnb
=016  7\$a013788635$2Uk
=020  \\$a9781577030454 (cased) :$cNo price
=020  \\$a1577030451 (cased) :$cNo price
=020  \\$a9781577030461 (pbk.) :$cNo price
=020  \\$a157703046X (pbk.) :$cNo price
=035  \\$a(OCoLC)ocm65207022
=035  \\$a(OCoLC)65207022
=040  \\$aDLC$cDLC$dBAKER$dBTCTA$dC#P$dYDXCP$dDLC$dUk
=041  1\$aeng$aita$hita
=042  \\$aukblsr
=043  \\$an-us---$an-us-ny
=050  00$aE184.I8$aA535 2006
=082  04$a973.04510747471$222
=100  1\$aAmore, B.
=245  13$aAn Italian American odyssey :$bLife line--filo della vita : through Ellis Island and beyond /$cby B. Amore ; translation by Franco Bagnolini.
=246  30$aLife line
=246  30$aFilo della vita
=260  \\$aNew York :$bCenter for Migration Studies,$c2006.
=300  \\$axix, 412 p. :$bill. (chiefly col.) ;$c21 x 26 cm.
=336  \\$atext$2rdacontent
=337  \\$aunmediated$2rdamedia
=338  \\$avolume$2rdacarrier
=500  \\$aCompanion book to an exhibit and installation entitled Lifeline which opened on Nov. 4, 2000 at the Ellis Island Immigration Museum in New York, N.Y.
=500  \\$aText in English and Italian.
=504  \\$aIncludes bibliographical references and index.
=505  0\$aGuide to the exhibition and book -- Following the thread -- Guide to the main characters in An Italian American odyssey -- Introduction -- Dreams -- The first generation -- Becoming American -- La famiglia and work -- Return to the roots -- Today and tomorrow -- Commentary on Life line -- Supplement -- The donors' arch -- Italian translation.
=600  10$aAmore, B.$xFamily$vExhibitions.
=610  20$aEllis Island Immigration Museum$vExhibitions.
=650  \0$aItalian American families$vExhibitions.
=650  \0$aItalian Americans$vBiography$vExhibitions.
=650  \0$aItalian Americans$xSocial life and customs$vExhibitions.
=650  \0$aImmigrants$zUnited States$vBiography$vExhibitions.
=651  \0$aUnited States$xSocial life and customs$vExhibitions.
=651  \0$aUnited States$xEthnic relations$vExhibitions.
=710  2\$aBrooklyn College.$bCenter for Migration Studies.
=852  41$aBritish Library$bHMNTS
=852  41$aBritish Library$bHMNTS$jLC.31.a.4888
=856  41$3Table of contents only$uhttp://www.loc.gov/catdir/toc/ecip0610/2006008184.html
=856  42$3Publisher description$uhttp://www.loc.gov/catdir/enhancements/fy0730/2006008184-d.html
=856  42$3Contributor biographical information$uhttp://www.loc.gov/catdir/enhancements/fy0733/2006008184-b.html
=CAT  \\$a8479$b40$c20070710$lBLL01$h1311
=CAT  \\$a8479$b40$c20070710$lBLL01$h1312
=CAT  \\$a8440$b40$c20071107$lBLL01$h1206
=CAT  \\$a8962$b40$c20071121$lBLL01$h0828
=CAT  \\$a7000$b40$c20080421$lBLL01$h0951
=CAT  \\$aWR16_021$c20160617$lBLL01$h1828
=FIN  \\$aY$d20071121
=FMT  \\$a  BK
=LAS  \\$aWR16_021$b00$c20160617$lBLL01$h1828
=SRC  \\$aBLL02

