=LDR  02293aam a2200613 a 4500
=001  013789083
=003  Uk
=005  20080221214945.0
=008  070306s2007\\\\nyu\\\\\\b\\\\001\0deng\\
=010  \\$a  2007008726
=015  \\$aGBA753178$2bnb
=016  7\$a013789083$2Uk
=020  \\$a9780231126885 (cased) :$c£38.50
=020  \\$a9780231501699 (ebook) :$c£38.50
=020  \\$a0231126883 (cased.) :$c£38.50
=020  \\$a0231501692 (ebook) :$c£38.50
=040  \\$aStDuBDS$beng$cStDuBDS$dUk
=042  \\$aukblsr
=043  \\$acl-----
=050  00$aPQ7082.N7$bW546 2007
=082  00$a863.640998$222
=100  1\$aWilliams, Raymond L.
=245  14$aThe Columbia guide to the Latin American novel since 1945 /$cRaymond Leslie Williams.
=260  \\$aNew York ;$aChichester :$bColumbia University Press,$cc2007.
=300  \\$a392 p. ;$c27 cm.
=336  \\$atext$2rdacontent
=337  \\$aunmediated$2rdamedia
=338  \\$avolume$2rdacarrier
=490  1\$aThe Columbia guides to literature since 1945
=500  \\$aFormerly CIP.$5Uk
=504  \\$aIncludes bibliographical references (p. [353]-365) and index.
=650  \0$aLatin American fiction$y20th century$xHistory and criticism.
=650  \0$aLatin American fiction$y20th century$vBio-bibliography.
=830  \0$aColumbia guides to literature since 1945.
=852  41$aBritish Library$bHMNTS
=852  41$aBritish Library$bDSC$jm09/.10385
=852  41$aBritish Library$bHMNTS$jYC.2008.b.200
=852  11$aBritish Library$bHMNTS$cSPHOA$kHLR$h863.009
=856  41$3Table of contents only$uhttp://www.loc.gov/catdir/toc/ecip0712/2007008726.html
=BUF  \\$aN$d20080215
=CAT  \\$aBATCH-CIP$b00$c20070710$lBLL01$h1701
=CAT  \\$aBATCH$b00$c20070710$lBLL01$h1703
=CAT  \\$aBATCH$b00$c20070710$lBLL01$h1711
=CAT  \\$a8440$b40$c20080130$lBLL01$h1211
=CAT  \\$a8980$b40$c20080131$lBLL01$h1108
=CAT  \\$a12324$b40$c20080215$lBLL01$h1436
=CAT  \\$aBATCH-BUOC$b00$c20080221$lBLL01$h2149
=CAT  \\$aBATCH$b00$c20091217$lBLL01$h0500
=CAT  \\$aBATCH$b00$c20100103$lBLL01$h1253
=CAT  \\$aWR16_021$c20160617$lBLL01$h1828
=CAT  \\$aBATCH-UPD$b00$c20160617$lBLL01$h2120
=FIN  \\$aY$d20080130
=FMT  \\$a  BK
=LAS  \\$aBATCH-UPD$b00$c20160617$lBLL01$h2120

