=LDR  01990cam a2200529 a 4500
=001  015358895
=003  Uk
=005  20220331230603.0
=008  090224s2009\\\\ii\\\\\\\b\\\\001\0\eng\d
=010  \\$a  2009311730
=015  \\$aGBB071636$2bnb
=016  7\$a015358895$2Uk
=020  \\$a9780195698527 (cased)
=020  \\$a0195698525 (cased)
=037  \\$aLibrary of Congress -- New Delhi Overseas Office$cRs895.00
=040  \\$aDKAGE$beng$cDKAGE$dYDXCP$dBWX$dBTCTA$dDLC$dUk
=042  \\$aukblcatcopy
=043  \\$aa-ii---
=050  00$aKNS1507$b.S24 2009
=082  04$a344.54046$222
=100  1\$aSahasranaman, P. B.
=245  10$aHandbook of environmental law /$cP.B. Sahasranaman.
=246  3\$aHand book of environmental law
=260  \\$aNew Delhi :$bOxford University Press,$c2009.
=300  \\$axiii, 350 p. ;$c25 cm.
=336  \\$atext$2rdacontent
=337  \\$aunmediated$2rdamedia
=338  \\$avolume$2rdacarrier
=504  \\$aIncludes bibliographical references and index.
=505  0\$a1. Development of environmental jurisprudence -- 2. Dealing with different kinds of pollution : law and policy -- 3. The environment and the tasks ahead.
=540  \\$aCurrent Copyright Fee: GBP22.50$c0$5Uk
=650  \0$aEnvironmental law$zIndia.
=650  \0$aEnvironmental protection$zIndia.
=852  41$aBritish Library$bDSC
=852  41$aBritish Library$bHMNTS$jYC.2010.a.7489
=856  42$3Publisher description$uhttp://www.loc.gov/catdir/enhancements/fy0913/2009311730-d.html
=CAT  \\$a10876$b40$c20090826$lBLL01$h1608
=CAT  \\$a10876$b40$c20090826$lBLL01$h1611
=CAT  \\$a10883$b40$c20100609$lBLL01$h1115
=CAT  \\$aWR16_021$c20160625$lBLL01$h1805
=CAT  \\$aBATCH-CLAB$c20220330$lBLL01$h1700
=CAT  \\$aIPL-CLA$c20220331$lBLL01$h2306
=CFI  0\$aCurrent Copyright Fee: GBP22.50$c0$e01-apr-2022$fGBP22.50$g0$hC$5Uk
=FIN  \\$aY$d20100609
=FMT  \\$a  BK
=LAS  \\$aIPL-CLA$b00$c20220331$lBLL01$h2306
=SRC  \\$aBLL02

