=LDR  02238cam a2200601 a 4500
=001  015372488
=003  Uk
=005  20110211101833.0
=008  090918s2009\\\\gw\\\\\\\b\\\\000\0\ger\d
=015  \\$aGBB119536$2bnb
=015  \\$a09,A40,0173$2dnb
=015  \\$a09,N35,0142$2dnb
=020  \\$a9783631583555 (pbk.)
=020  \\$a3631583559 (pbk.)
=035  \\$a(OCoLC)437303370
=040  \\$aOHX$beng$cOHX$dHEBIS$dDEBBG$dOCL$dBHA$dUk
=042  \\$aukblsr
=050  \4$aBX583.K55$bD544 2009
=072  \7$aBX$2lcco
=082  04$a271.8194719$222
=084  \\$a230$2sdnb
=084  \\$a940$2sdnb
=084  \\$aBO 3295$2rvk
=084  \\$aBO 3400$2rvk
=100  1\$aDiefenbach-Popov, Natalia.
=245  14$aDas russisch-orthodoxe Kirillo-Belozerskij-Kloster zwischen Macht und Spiritualität /$cNatalia Diefenbach-Popov.
=260  \\$aFrankfurt am Main :$bP. Lang,$cc2009.
=300  \\$avii, 121 p. ;$c23 cm.
=336  \\$atext$2rdacontent
=337  \\$aunmediated$2rdamedia
=338  \\$avolume$2rdacarrier
=490  1\$aTheion,$x0943-9587 ;$vBd. 24
=504  \\$aIncludes bibliographical references.
=610  20$aKirillo-Belozerskiĭ monastyrʹ.
=610  20$aRusskai︠a︡ pravoslavnai︠a︡ t︠s︡erkovʹ$xHistory.
=650  \0$aMonasteries and state$zRussia$xHistory.
=650  \0$aChurch and state$zRussia$xHistory.
=650  \0$aChristianity and politics$zRussia$xHistory.
=650  \0$aChristianity and politics$xRusskai︠a︡ pravoslavnai︠a︡ t︠s︡erkovʹ.
=830  \0$aTheion ;$vBd. 24.
=852  41$aBritish Library$bHMNTS$jZA.9.a.6040 (.....)
=852  41$aBritish Library$bHMNTS
=856  41$3Table of contents$uhttp://bvbr.bib-bvb.de:8991/F?func=service&doc_library=BVB01&doc_number=018634880&line_number=0001&func_code=DB_RECORDS&service_type=MEDIA
=856  41$3Inhaltsverzeichnis$uhttp://d-nb.info/995822409/04
=CAT  \\$a8197$b40$c20090916$lBLL01$h1123
=CAT  \\$a6470$b40$c20110209$lBLL01$h1801
=CAT  \\$a6470$b40$c20110211$lBLL01$h1018
=CAT  \\$aBATCH-UPD$b40$c20160605$lBLL01$h0440
=CAT  \\$aW1707-0052$c20170703$lBLL01$h1907
=FIN  \\$aY$d20110209
=FMT  \\$a  BK
=LAS  \\$aW1707-0052$b00$c20170703$lBLL01$h1907
=SID  \\$aZ39$bOCLC

