=LDR  02379cam a2200625 a 4500
=001  015479685
=003  Uk
=005  20220331230851.0
=008  120421s2012\\\\gw\a\\\\\b\\\\001\0\eng\\
=010  \\$a  2012392270
=015  \\$aGBB012726$2bnb
=016  7\$a015479685$2Uk
=020  \\$a9783895783517 (hbk.) :$c£55.00
=020  \\$a389578351X (hbk.) :$c£55.00
=040  \\$aStDuBDS$beng$cStDuBDS$dUk
=042  \\$aukblcatcopy
=050  00$aTK5103.15$b.Z45 2012
=082  04$a621.317$222
=100  1\$aZiegler, Gerhard,$d1939-
=245  10$aNumerical differential protection :$bprinciples and applications /$cby Gerhard Ziegler.
=250  \\$a2nd ed.
=260  \\$aErlangen [Germany] :$bPublicis Pub.,$c2012.
=300  \\$a287 p. :$bill. ;$c25 cm.
=336  \\$atext$2rdacontent
=337  \\$aunmediated$2rdamedia
=338  \\$avolume$2rdacarrier
=500  \\$a"Siemens"--Cover.
=500  \\$aFormerly CIP.$5Uk
=504  \\$aIncludes bilbiographical references (p. 275-282) and index.
=540  \\$aCurrent Copyright Fee: GBP32.00$c0$5Uk
=650  \0$aTelecommunication lines$xProtection.
=650  \0$aElectric measurements$xMathematics.
=650  \0$aProtective relays.
=650  \0$aDifferential operators.
=852  41$aBritish Library$bHMNTS$jYK.2012.b.9430
=852  41$aBritish Library$bDSC
=856  42$3Contributor biographical information$uhttp://www.loc.gov/catdir/enhancements/fy1210/2012392270-b.html
=856  42$3Publisher description$uhttp://www.loc.gov/catdir/enhancements/fy1210/2012392270-d.html
=856  41$3Table of contents only$uhttp://www.loc.gov/catdir/enhancements/fy1210/2012392270-t.html
=CAT  \\$aBATCH-CIPN$b00$c20100202$lBLL01$h1700
=CAT  \\$aBATCH$b00$c20100202$lBLL01$h1701
=CAT  \\$aBATCH$b00$c20100202$lBLL01$h1705
=CAT  \\$aBATCH$b00$c20100310$lBLL01$h1123
=CAT  \\$aBATCH$b00$c20100310$lBLL01$h1124
=CAT  \\$a6524$b40$c20120203$lBLL01$h1334
=CAT  \\$a5375$b40$c20120912$lBLL01$h1547
=CAT  \\$a5375$b40$c20120912$lBLL01$h1548
=CAT  \\$aWR16_021$c20160626$lBLL01$h1804
=CAT  \\$aBATCH-CLAB$c20220330$lBLL01$h1634
=CAT  \\$aIPL-CLA$c20220331$lBLL01$h2308
=CFI  0\$aCurrent Copyright Fee: GBP32.00$c0$e01-apr-2022$fGBP32.00$g0$hC$5Uk
=FIN  \\$aY$d20120912
=FMT  \\$a  BK
=LAS  \\$aIPL-CLA$b00$c20220331$lBLL01$h2308
=SRC  \\$aBLL02

