=LDR  02292cam a2200637 a 4500
=001  015510607
=003  Uk
=005  20220331230929.0
=008  110719s2011\\\\enk\\\\\\b\\\\001\0\eng\\
=010  \\$a  2011289204
=015  \\$aGBB039131$2bnb
=016  7\$a015510607$2Uk
=020  \\$a9780199562718 (pbk.) :$c£29.99
=020  \\$a0199562717 (pbk.) :$c£29.99
=040  \\$aStDuBDS$beng$cStDuBDS$dUk
=042  \\$aukblcatcopy
=050  00$aKZ1242.5$b.D59 2011
=082  04$a341$222
=100  1\$aDixon, Martin,$cMA.
=245  10$aCases and materials on international law /$cMartin Dixon, Robert McCorquodale, Sarah Williams.
=246  30$aInternational law
=246  14$aCases & materials on international law
=250  \\$a5th ed.
=260  \\$aOxford :$bOxford University Press,$cc2011.
=300  \\$alvi, 708 p. ;$c25 cm.
=336  \\$atext$2rdacontent
=337  \\$aunmediated$2rdamedia
=338  \\$avolume$2rdacarrier
=500  \\$aFormerly CIP.$5Uk
=504  \\$aIncludes bibliographical references and index.
=540  \\$aCurrent Copyright Fee: GBP22.50$c0$5Uk
=650  \0$aInternational law$vCases.
=700  1\$aMcCorquodale, Robert.
=700  1\$aWilliams, Sarah,$d1974 January 4-
=852  41$aBritish Library$bDSC
=852  41$aBritish Library$bHMNTS$jYC.2012.a.1206
=856  41$3Table of contents only$uhttp://www.loc.gov/catdir/toc/fy11pdf03/2011289204.html
=985  \\$aRecord amended for WR# 13/070
=CAT  \\$aBATCH-CIPN$b00$c20100316$lBLL01$h1700
=CAT  \\$aBATCH$b00$c20100316$lBLL01$h1701
=CAT  \\$aBATCH$b00$c20100316$lBLL01$h1704
=CAT  \\$aBATCH-UPD$b00$c20101006$lBLL01$h1214
=CAT  \\$aBATCH$b00$c20101006$lBLL01$h1215
=CAT  \\$a11029$b40$c20110621$lBLL01$h1108
=CAT  \\$a6632$b40$c20120118$lBLL01$h1147
=CAT  \\$a10743$b40$c20120119$lBLL01$h0912
=CAT  \\$aBATCH-UPD$b40$c20120802$lBLL01$h0402
=CAT  \\$aWR13_070$b00$c20130504$lBLL01$h0324
=CAT  \\$aWR16_021$c20160626$lBLL01$h1809
=CAT  \\$aBATCH-CLAB$c20220330$lBLL01$h1626
=CAT  \\$aIPL-CLA$c20220331$lBLL01$h2309
=CFI  0\$aCurrent Copyright Fee: GBP22.50$c0$e01-apr-2022$fGBP22.50$g0$hC$5Uk
=FIN  \\$aY$d20120118
=FMT  \\$a  BK
=LAS  \\$aIPL-CLA$b00$c20220331$lBLL01$h2309
=SRC  \\$aBLL02

