=LDR  05241cam a2201093 a 4500
=001  015547845
=003  Uk
=005  20211231173002.0
=008  090908s2009\\\\dcua\\\\\b\\\\101\0\eng\\
=010  \\$a2009034965  
=015  \\$aGBB059473$2bnb
=016  7\$a015547845$2Uk
=020  \\$a9780841269927 (hbk.)
=035  \\$a(OCoLC)ocn436310924
=040  \\$aDLC$cDLC$dCGU$dYDXCP$dBTCTA$dNTE$dDLC$dUk
=042  \\$aukblcatcopy
=050  00$aTD879.H4$bE586 2009
=082  00$a628.52$222
=245  00$aEnvironmental applications of nanoscale and microscale reactive metal particles /$c[edited by] Cherie L. Geiger, Kathleen M. Carvalho-Knighton ; sponsored by the ACS Division of Industrial and Engineering Chemistry.
=260  \\$aWashington, D.C. :$bAmerican Chemical Society,$cc2009.
=300  \\$ax, 306 p. :$bill. ;$c24 cm.
=336  \\$atext$2rdacontent
=337  \\$aunmediated$2rdamedia
=338  \\$avolume$2rdacarrier
=490  1\$aACS symposium series ;$v1027
=500  \\$aAlso available online.
=504  \\$aIncludes bibliographical references and indexes.
=540  \\$aCurrent Copyright Fee: GBP33.79$c0$5Uk
=650  \0$aHeavy metals$xEnvironmental aspects$vCongresses.
=650  \0$aNanoparticles$xEnvironmental aspects$vCongresses.
=650  \0$aEnvironmental chemistry$vCongresses.
=700  1\$aGeiger, Cherie L.
=700  1\$aCarvalho-Knighton, Kathleen M.
=710  2\$aAmerican Chemical Society.$bDivision of Industrial and Engineering Chemistry.
=830  \0$aACS symposium series ;$v1027.
=852  41$aBritish Library$bSTI
=852  41$aBritish Library$bDSC$j0578.895000
=852  11$aBritish Library$bSTI$k(B)$h628.52
=856  42$3Contributor biographical information$uhttp://www.loc.gov/catdir/enhancements/fy1011/2009034965-b.html
=856  42$3Publisher description$uhttp://www.loc.gov/catdir/enhancements/fy1011/2009034965-d.html
=856  41$3Table of contents only$uhttp://www.loc.gov/catdir/enhancements/fy1011/2009034965-t.html
=ACF  \\$aPrevious Copyright Fee: GBP28.03$c0$e01-jul-2012$fGBP28.03$g0$hC$5Uk
=ACF  \\$aPrevious Copyright Fee: GBP27.75$c0$e01-oct-2013$fGBP27.75$g0$hC$5Uk
=ACF  \\$aPrevious Copyright Fee: GBP28.91$c0$e01-jan-2014$fGBP28.91$g0$hC$5Uk
=ACF  \\$aPrevious Copyright Fee: GBP28.03$c0$e01-jul-2014$fGBP28.03$g0$hC$5Uk
=ACF  \\$aPrevious Copyright Fee: GBP29.09$c0$e01-jan-2015$fGBP29.09$g0$hC$5Uk
=ACF  \\$aPrevious Copyright Fee: GBP32.00$c0$e01-apr-2015$fGBP32.00$g0$hC$5Uk
=ACF  \\$aPrevious Copyright Fee: GBP30.97$c0$e01-oct-2015$fGBP30.97$g0$hC$5Uk
=ACF  \\$aPrevious Copyright Fee: GBP33.10$c0$e01-apr-2016$fGBP33.10$g0$hC$5Uk
=ACF  \\$aPrevious Copyright Fee: GBP35.56$c0$e01-oct-2016$fGBP35.56$g0$hC$5Uk
=ACF  \\$aPrevious Copyright Fee: GBP38.40$c0$e01-apr-2017$fGBP38.40$g0$hC$5Uk
=ACF  \\$aPrevious Copyright Fee: GBP36.48$c0$e01-oct-2017$fGBP36.48$g0$hC$5Uk
=ACF  \\$aPrevious Copyright Fee: GBP36.92$c0$e01-jan-2018$fGBP36.92$g0$hC$5Uk
=ACF  \\$aPrevious Copyright Fee: GBP34.29$c0$e01-apr-2018$fGBP34.29$g0$hC$5Uk
=ACF  \\$aPrevious Copyright Fee: GBP36.92$c0$e01-oct-2018$fGBP36.92$g0$hC$5Uk
=ACF  \\$aPrevious Copyright Fee: GBP38.40$c0$e01-oct-2019$fGBP38.40$g0$hC$5Uk
=ACF  \\$aPrevious Copyright Fee: GBP36.92$c0$e01-apr-2020$fGBP36.92$g0$hC$5Uk
=ACF  \\$aPrevious Copyright Fee: GBP38.40$c0$e01-jul-2020$fGBP38.40$g0$hC$5Uk
=ACF  \\$aPrevious Copyright Fee: GBP35.70$c0$e01-apr-2021$fGBP35.70$g0$hC$5Uk
=ACF  \\$aPrevious Copyright Fee: GBP34.66$c0$e01-jul-2021$fGBP34.66$g0$hC$5Uk
=BUF  \\$aN3$d20100510
=CAT  \\$a12664$b40$c20100507$lBLL01$h1112
=CAT  \\$aIPL-CLA$c20160930$lBLL01$h1629
=CAT  \\$aBATCH-CLA$b00$c20170321$lBLL01$h1735
=CAT  \\$aIPL-CLA$c20170331$lBLL01$h1906
=CAT  \\$aBATCH-CLA$b00$c20170921$lBLL01$h1821
=CAT  \\$aIPL-CLA$c20170929$lBLL01$h1752
=CAT  \\$aBATCH-CLA$b00$c20171221$lBLL01$h1247
=CAT  \\$aIPL-CLA$c20171231$lBLL01$h1800
=CAT  \\$aBATCH-CLA$b00$c20180319$lBLL01$h1749
=CAT  \\$aIPL-CLA$c20180331$lBLL01$h1648
=CAT  \\$aBATCH-CLA$b00$c20180920$lBLL01$h1618
=CAT  \\$aIPL-CLA$c20180930$lBLL01$h1512
=CAT  \\$aBATCH-CLA$b00$c20190924$lBLL01$h1902
=CAT  \\$aIPL-CLA$c20190930$lBLL01$h1648
=CAT  \\$aBATCH-CLA$b00$c20200325$lBLL01$h1240
=CAT  \\$aIPL-CLA$c20200331$lBLL01$h1625
=CAT  \\$aBATCH-CLA$b00$c20200619$lBLL01$h1530
=CAT  \\$aIPL-CLA$c20200701$lBLL01$h0108
=CAT  \\$aBATCH-CLA$b00$c20210328$lBLL01$h1303
=CAT  \\$aIPL-CLA$c20210331$lBLL01$h1856
=CAT  \\$aBATCH-CLA$b00$c20210617$lBLL01$h1349
=CAT  \\$aIPL-CLA$c20210704$lBLL01$h1123
=CAT  \\$aBATCH-CLA$b00$c20210928$lBLL01$h1455
=CAT  \\$aIPL-CLA$c20210930$lBLL01$h1655
=CAT  \\$aBATCH-CLA$b00$c20211222$lBLL01$h1600
=CAT  \\$aIPL-CLA$c20211231$lBLL01$h1730
=CFI  0\$aCurrent Copyright Fee: GBP33.79$c0$e01-jan-2022$fGBP33.79$g0$hC$5Uk
=CFI  2\$aPrevious Copyright Fee: GBP34.07$c0$e01-oct-2021$fGBP34.07$g0$hC$5Uk
=FIN  \\$aY$d20100510
=FMT  \\$a  BK
=LAS  \\$aIPL-CLA$b00$c20211231$lBLL01$h1730
=SRC  \\$aBLL02
=TCO  \\$aTRS$bCCC$c008

