=LDR  02415cam a2200553 a 4500
=001  015578358
=003  Uk
=005  20220331231101.0
=008  120323s2012\\\\enk\\\\\\b\\\\001\0\eng\\
=010  \\$a  2012012320
=015  \\$aGBB073093$2bnb
=016  7\$a015578358$2Uk
=020  \\$a9781405160339 (cased) :$c£45.00
=020  \\$a1405160330 (cased) :$c£45.00
=040  \\$aStDuBDS$beng$cStDuBDS$dUk
=042  \\$aukblcatcopy
=050  00$aPS3563.O8749$bZ856 2012
=082  00$a813.54$223
=084  \\$aLIT004020$2bisacsh
=100  1\$aSmith, Valerie,$d1956-
=245  10$aToni Morrison :$bwriting the moral imagination /$cValerie Smith.
=260  \\$aChichester, West Sussex ;$aMalden, MA :$bWiley,$c2012.
=300  \\$aix, 153 p. ;$c24 cm.
=336  \\$atext$2rdacontent
=337  \\$aunmediated$2rdamedia
=338  \\$avolume$2rdacarrier
=490  0\$aBlackwell introductions to literature ;$v21
=500  \\$aFormerly CIP.$5Uk
=504  \\$aIncludes bibliographical references (p. [137]-146) and index.
=505  0\$aThe Bluest Eye and Sula -- Song of Solomon and Tar Baby -- Beloved -- Jazz and Paradise -- Books for young readers, Love and A Mercy -- Home.
=520  \\$a"In this compelling new study, Valerie Smith analyzes the celebrated fiction of Morrison in relation to her critical writing about the process of reading and writing literature, the relationship between readers and writers, and the cultural contributions of African-American literature"--$cProvided by publisher.
=540  \\$aCurrent Copyright Fee: GBP32.00$c0$5Uk
=600  10$aMorrison, Toni$xCriticism and interpretation.
=650  \7$aLITERARY CRITICISM / American / General.$2bisacsh
=852  41$aBritish Library$bHMNTS$jYC.2013.a.6960
=852  41$aBritish Library$bDSC
=856  42$3Cover image$uhttp://catalogimages.wiley.com/images/db/jimages/9781405160339.jpg
=CAT  \\$aBATCH-CIPN$b00$c20100615$lBLL01$h1700
=CAT  \\$aBATCH$b00$c20100908$lBLL01$h1145
=CAT  \\$a8479$b40$c20121115$lBLL01$h1016
=CAT  \\$a9657$b40$c20130606$lBLL01$h1233
=CAT  \\$aWR16_021$c20160628$lBLL01$h1805
=CAT  \\$aBATCH-CLAB$c20220330$lBLL01$h1546
=CAT  \\$aIPL-CLA$c20220331$lBLL01$h2311
=CFI  0\$aCurrent Copyright Fee: GBP32.00$c0$e01-apr-2022$fGBP32.00$g0$hC$5Uk
=FIN  \\$aY$d20130606
=FMT  \\$a  BK
=LAS  \\$aIPL-CLA$b00$c20220331$lBLL01$h2311
=SRC  \\$aBLL02

