=LDR  05342cam a2200601 a 4500
=001  015640109
=003  Uk
=005  20220331231222.0
=008  111007s2012\\\\njua\\\\\b\\\\001\0\eng\\
=010  \\$a2011041441  
=015  \\$aGBB0A5451$2bnb
=016  7\$a015640109$2Uk
=020  \\$a9780470146842 (hbk.) :$c£83.50
=020  \\$a0470146842 (hbk.) :$c£83.50
=040  \\$aStDuBDS$beng$cStDuBDS$dUk
=042  \\$aukblsr
=050  00$aQP171$b.B685 2012
=082  00$a612.39$223
=245  00$aBiochemical pathways :$ban atlas of biochemistry and molecular biology /$cedited by Dietmar Schomburg, Gerhard Michal.
=250  \\$a2nd ed.
=260  \\$aHoboken, N.J. :$bJohn Wiley & Sons,$cc2012.
=300  \\$axi, 398 p. :$bill. (some col.) ;$c29 cm.
=336  \\$atext$2rdacontent
=337  \\$aunmediated$2rdamedia
=338  \\$avolume$2rdacarrier
=500  \\$aFormerly CIP.$5Uk
=504  \\$aIncludes bibliographical references and index.
=505  8\$aMachine generated contents note: Chapter 1. Introduction and general aspects, chemistry and physical chemistry Gerhard Michael and Dietmar Schomburg Chapter 2. The cell and its contents: Enzymes, nucleic acids, and polymeric carbohydrates and lipids Gerhard Michal and Dietmar Schomburg Chapter 3. General metabolism in animals, plants and bacteria 3.1 Carbohydrate Metabolism and Citrate Cycle 3.2 Amino Acids and Derivatives 3.3 Tetrapyrroles 3.4 Lipids amd Glycolipids 3.5 Steriods and Isopreniods 3.6 Nucleotides and Nucleosides 3.7 Cofactors and Vitamins 3.8 Nucleic Acid Metabolism in Bacteria 3.9 Nucleic Acid Metabolism in Eukarya 3.10 Special Bacterial Metabolism and Biosynthesis of Antimicrobials 3.11 Electron Transfer Reactions and Oxidative Phosphorylation 3.12 Photosynthesis 3.13 Plant Secondary Metabolism Chapter 4. Protein biosynthesis, modification and degradation 4.1 Protein Synthesis in Bacteria 4.2 Protein Biosynthesis in Eukarya 4.3 Cell Cycle in Eukarya 4.4 Posttranslational Modification of Proteins 4.5 Protein Folding, Transport / Targeting and Degradation Chapter 5. Viruses Klaus Klumpp Chapter 6. Transport systems 6.1 Transport Through Membranes 6.2 Transport of Lipids in Plasma 6.3 Oxygen Transport by Hemoglobin Chapter 7. Signal transduction and cellular communication Gerhard Niederfellner Chapter 8. Immune system 8.1 Components of the Immune System 8.2 Generation of a Specific Immune Response 8.3 Pathologic Immune responses 8.4 Adhesion of Leukocytes Chapter 9. Blood coagulation and fibrinolysis P. Mueller Chapter 10. Biochemical networks, bioinformatics and systems biology Dietmar Schomburg .
=520  \\$a"Covering a wide range of subject matter, including biochemistry, molecular and cell biology, medicine, chemistry, and allied health, Biochemical Pathways is a full-color, easy-to-use resource for students and professionals. This information-packed reference features a unique summary of biochemical pathways based on the well-known Biochemical Pathways chart. Included is descriptive information about properties such as enzymes, chemicals, proteins, and DNA, all of which act together to create an elaborate chain that drives all biological functions. Completely updated, this new edition continues to play a valuable role in this important scientific field"--$cProvided by publisher.
=520  \\$a"Biochemical Pathways: An Atlas of Biochemistry and Molecular Biology, Second Edition, explains the multi-step chemical reactions (for example, carbohydrate metabolism pathways) that occur in biological systems (e.g., within cells and organelles). The chemical reactions, location within the cell, structure and function of proteins and nucleic acids (including the enzymes), small molecules (carbohydrates, amino acids, lipids, steroids, nucleotides) involved, vitamins and cofactors present, storage of information in DNA and translation into proteins, viruses infecting systems, various protein mechanisms, respiration processes, cellular communication and regulation, transport, defense, and blood coagulation are all discussed in detail"--$cProvided by publisher.
=540  \\$aCurrent Copyright Fee: GBP32.00$c0$5Uk
=650  \0$aMetabolism$vAtlases.
=650  \7$aSCIENCE / Life Sciences / Biochemistry.$2bisacsh
=700  1\$aSchomburg, D.$q(Dietmar).
=700  1\$aMichal, Gerhard.
=852  41$aBritish Library$bHMNTS$jYK.2012.b.11646
=852  41$aBritish Library$bDSC
=856  42$3Publisher description$uhttp://www.loc.gov/catdir/enhancements/fy1203/2011041441-d.html
=856  41$3Table of contents only$uhttp://www.loc.gov/catdir/enhancements/fy1203/2011041441-t.html
=856  42$3Contributor biographical information$uhttp://www.loc.gov/catdir/enhancements/fy1212/2011041441-b.html
=BUF  \\$aN$d20121122
=CAT  \\$aBATCH-CIPN$b00$c20100831$lBLL01$h1701
=CAT  \\$aBATCH$b00$c20100901$lBLL01$h1048
=CAT  \\$a12323$b40$c20121122$lBLL01$h1548
=CAT  \\$aBATCH-BUOC$b00$c20130328$lBLL01$h2128
=CAT  \\$aWR16_021$c20160629$lBLL01$h1808
=CAT  \\$aBATCH-UPD$b00$c20170623$lBLL01$h2027
=CAT  \\$aBATCH-CLAB$c20220330$lBLL01$h1553
=CAT  \\$aIPL-CLA$c20220331$lBLL01$h2312
=CFI  0\$aCurrent Copyright Fee: GBP32.00$c0$e01-apr-2022$fGBP32.00$g0$hC$5Uk
=FIN  \\$aY$d20121122
=FMT  \\$a  BK
=LAS  \\$aIPL-CLA$b00$c20220331$lBLL01$h2312

