=LDR  02783cam a2200565 i 4500
=001  015640110
=003  Uk
=005  20220331231222.0
=008  120422s2012\\\\njua\\\\\b\\\\001\0\eng\\
=010  \\$a  2012015783
=015  \\$aGBB0A5452$2bnb
=016  7\$a015640110$2Uk
=020  \\$a9780470391198 (hardback) :$c£66.95
=020  \\$a0470391197 (hardback) :$c£66.95
=040  \\$aStDuBDS$beng$cStDuBDS$dUk$erda
=042  \\$aukblcatcopy
=050  00$aTK5105.8.E83$bT69 2012
=082  00$a621.3981$223
=084  \\$aTEC007000$2bisacsh
=100  1\$aToy, Mehmet.
=245  10$aNetworks and services :$bcarrier ethernet, PBT, MPLS-TP, and VPLS /$cMehmet Toy.
=264  \1$aHoboken, New Jersey :$bJohn Wiley & Sons, Inc.,$c[2012]
=300  \\$axvi, 414 pages :$billustrations ;$c25 cm.
=336  \\$atext$2rdacontent
=337  \\$aunmediated$2rdamedia
=338  \\$avolume$2rdacarrier
=490  0\$aInformation and communication technology series
=500  \\$aFormerly CIP.$5Uk
=504  \\$aIncludes bibliographical references and index.
=520  \\$a"This book provides a comprehensive understanding of current and debated future networking technologies. It provides insight into building end-to-end networks and services with current and future technologies while also shedding light on the pros and cons of Optical-Ethernet and IMS networking to demonstrate to service providers and enterprise network owners how to choose the best technologies. Optical-Ethernet Networking is ideal for network architects, engineers, and planning professionals in telecommunications, as well as students in related disciplines"--$cProvided by publisher.
=540  \\$aCurrent Copyright Fee: GBP32.00$c0$5Uk
=650  \0$aEthernet (Local area network system)
=650  \7$aTECHNOLOGY & ENGINEERING / Electrical.$2bisacsh
=852  41$aBritish Library$bHMNTS$jYK.2013.a.16538
=852  41$aBritish Library$bDSC
=856  42$3Publisher description$uhttp://www.loc.gov/catdir/enhancements/fy1210/2012015783-d.html
=856  42$3Contributor biographical information$uhttp://www.loc.gov/catdir/enhancements/fy1214/2012015783-b.html
=856  41$3Table of contents only$uhttp://www.loc.gov/catdir/enhancements/fy1301/2012015783-t.html
=CAT  \\$aBATCH-CIPN$b00$c20100831$lBLL01$h1701
=CAT  \\$aBATCH$b00$c20100901$lBLL01$h1048
=CAT  \\$a6923$b40$c20130117$lBLL01$h0936
=CAT  \\$a12666$b40$c20130805$lBLL01$h1438
=CAT  \\$aWR16_021$c20160629$lBLL01$h1808
=CAT  \\$aBATCH-CLAB$c20220330$lBLL01$h1552
=CAT  \\$aIPL-CLA$c20220331$lBLL01$h2312
=CFI  0\$aCurrent Copyright Fee: GBP32.00$c0$e01-apr-2022$fGBP32.00$g0$hC$5Uk
=FIN  \\$aY$d20130805
=FMT  \\$a  BK
=LAS  \\$aIPL-CLA$b00$c20220331$lBLL01$h2312
=SRC  \\$aBLL02

