=LDR  02167cam a2200565 a 4500
=001  015648886
=003  Uk
=005  20220331231234.0
=008  120329s2012\\\\ii\\\\\\\b\\\\001\0\eng\\
=010  \\$a  2012323242
=015  \\$aGBB0B0134$2bnb
=016  7\$a015648886$2Uk
=020  \\$a9780198068624 (hbk.) :$c£35.00
=020  \\$a019806862X (hbk.) :$c£35.00
=025  \\$aI-E-2012-323242; 55-07
=037  \\$bLibrary of Congress -- New Delhi Overseas Office
=040  \\$aStDuBDS$beng$cStDuBDS$dUk
=042  \\$aukblcatcopy
=043  \\$aa-cc-ti
=050  00$aDS785$b.M3857 2012
=082  04$a951.5$222
=100  1\$aMehra, Parshotam.
=245  10$aTibet :$bwritings on history and politics /$cParshotam Mehra.
=260  \\$aNew Delhi :$bOxford University Press,$c2012.
=300  \\$axi, 382 p. ;$c23 cm.
=336  \\$atext$2rdacontent
=337  \\$aunmediated$2rdamedia
=338  \\$avolume$2rdacarrier
=500  \\$aFormerly CIP.$5Uk
=504  \\$aIncludes bibliographical references and index.
=540  \\$aCurrent Copyright Fee: GBP22.50$c0$5Uk
=651  \0$aTibet Autonomous Region (China)$xHistory$y19th century.
=651  \0$aTibet Autonomous Region (China)$xHistory$y20th century.
=852  41$aBritish Library$bHMNTS$jYC.2012.a.14952
=852  41$aBritish Library$bDSC
=856  42$3Contributor biographical information$uhttp://www.loc.gov/catdir/enhancements/fy1211/2012323242-b.html
=856  42$3Publisher description$uhttp://www.loc.gov/catdir/enhancements/fy1211/2012323242-d.html
=856  41$3Table of contents only$uhttp://www.loc.gov/catdir/enhancements/fy1211/2012323242-t.html
=CAT  \\$aBATCH-CIPN$b00$c20100914$lBLL01$h1700
=CAT  \\$aBATCH$b00$c20101202$lBLL01$h0908
=CAT  \\$a11029$b40$c20120117$lBLL01$h1314
=CAT  \\$a5375$b40$c20120820$lBLL01$h1217
=CAT  \\$aWR16_021$c20160629$lBLL01$h1809
=CAT  \\$aBATCH-CLAB$c20220330$lBLL01$h1640
=CAT  \\$aIPL-CLA$c20220331$lBLL01$h2312
=CFI  0\$aCurrent Copyright Fee: GBP22.50$c0$e01-apr-2022$fGBP22.50$g0$hC$5Uk
=FIN  \\$aY$d20120820
=FMT  \\$a  BK
=LAS  \\$aIPL-CLA$b00$c20220331$lBLL01$h2312
=SRC  \\$aBLL02

