=LDR  04675cam a2200649 a 4500
=001  015669103
=003  Uk
=005  20220331231306.0
=008  101201s2011\\\\enka\\\\\b\\\\001\0\eng\\
=010  \\$a2010047392  
=015  \\$aGBB0C2410$2bnb
=016  7\$a015669103$2Uk
=020  \\$a9781405196833 (pbk.) :$c£44.99
=020  \\$a1405196831 (pbk.) :$c£44.99
=040  \\$aStDuBDS$beng$cStDuBDS$dUk
=042  \\$aukblsr
=050  00$aQR181$b.R57 2011
=082  00$a616.079$222
=245  00$aRoitt's essential immunology /$cPeter J. Delves ... [et al.].
=246  30$aEssential immunology
=250  \\$a12th ed.
=260  \\$aOxford :$bWiley-Blackwell,$c2011.
=300  \\$axiii, 546 p. :$bill. (chiefly col.) ;$c28 cm.
=336  \\$atext$2rdacontent
=337  \\$aunmediated$2rdamedia
=338  \\$avolume$2rdacarrier
=490  1\$aEssentials
=500  \\$aFormerly CIP.$5Uk
=500  \\$aRev. ed. of: Roitt's essential immunology / Ivan M. Roitt, Peter J. Delves.
=504  \\$aIncludes bibliographical references and index.
=505  8\$aMachine generated contents note: Preface. -- Acknowledgements. -- 1. Innate Immunity. -- 2. Specific acquired immunity. -- 3. Antibodies. -- 4. Membrane receptors for antigen. -- 5. The primary interaction with antigen. -- 6. Immunological methods and applications. -- 7. The anatomy of the immune response. -- 8. Lymphocyte activation. -- 9. The production of effectors. -- 10. Control mechanisms. -- 11. Ontogeny and phylogeny. -- 12. Adversarial strategies during infection. -- 13. Vaccines. -- 14. Immunodeficiency. -- 15. Hypersensitivity. -- 16. Transplantation. -- 17. Tumour immunology. -- 18. Autoimmune diseases.
=520  \\$a"Roitt's Essential Immunology - the textbook of choice for students and instructors of immunology worldwide Bringing you fully up-to-date with the latest knowledge and concepts about the workings of the immune system, the hallmark easy-reading style of Roitt's Essential Immunology clearly explains the key principles needed by medical and health sciences students, from the basis of immunity to clinical applications. Beautifully presented, with brand new illustrations, the pedagogy has been strengthened throughout, and includes "just to recap..." sections at the beginning of each chapter, reminding the reader of key findings and principles, and summary sections at the end of each chapter that are ideal for quick study and revision. Also available as a FREE enhanced Wiley Desktop Edition (upon purchase of the book), Roitt's Essential Immunology is supported by a suite of online resources at <a href="http://www.roitt.com/">www.roitt.com</a> including: <ul type="disc"> Interactive MCQs and SBA questions for each chapter, with feedback on all answers selected . Animations and videos showing key concepts. Fully downloadable figures and illustrations, further reading and useful links Extracts from the Encyclopaedia of Life Science Podcasts to reinforce the key principles explained in the text: ideal for revision 'on the go' "--Provided by publisher.
=520  \\$a"A new, 12th edition of the definitive Immunology textbook, now fully up-to-date on the latest knowledge and concepts about the workings of the immune system. Essential Immunology is a perfect course textbook to support a series of lectures, or themes, on Immunology: pedagogy has been strengthened throughout, and the text is now fully supported by a suite of online resources as well as a FREE enhanced Wiley Desktop Edition"--Provided by publisher.
=540  \\$aCurrent Copyright Fee: GBP32.00$c0$5Uk
=650  \0$aImmunology.
=650  12$aImmune System.
=650  22$aImmunity.
=700  1\$aDelves, Peter J.
=700  1\$aRoitt, Ivan M.$q(Ivan Maurice).$tRoitt's essential immunology.
=830  \0$aEssentials (Wiley-Blackwell (Firm))
=852  41$aBritish Library$bHMNTS$jYK.2011.b.8199
=852  41$aBritish Library$bDSC
=856  42$3Cover image$uhttp://catalogimages.wiley.com/images/db/jimages/9781405196833.jpg
=BUF  \\$aN$d20110513
=CAT  \\$aBATCH-CIPN$b00$c20101012$lBLL01$h1700
=CAT  \\$aBATCH$b00$c20110112$lBLL01$h1005
=CAT  \\$a11029$b40$c20110513$lBLL01$h0943
=CAT  \\$aBATCH-BUOC$b00$c20110715$lBLL01$h0014
=CAT  \\$aBATCH-UPD$b00$c20150518$lBLL01$h2025
=CAT  \\$aWR16_021$c20160630$lBLL01$h1804
=CAT  \\$aBATCH-UPD$b00$c20180729$lBLL01$h0032
=CAT  \\$aBATCH-CLAB$c20220330$lBLL01$h1631
=CAT  \\$aIPL-CLA$c20220331$lBLL01$h2313
=CFI  0\$aCurrent Copyright Fee: GBP32.00$c0$e01-apr-2022$fGBP32.00$g0$hC$5Uk
=FIN  \\$aY$d20110513
=FMT  \\$a  BK
=LAS  \\$aIPL-CLA$b00$c20220331$lBLL01$h2313

