=LDR  02222cam a2200625 a 4500
=001  015674190
=003  Uk
=005  20220331231311.0
=008  100616s2011\\\\mauab\\\\b\\\\001\0\eng\\
=010  \\$a2010024521
=015  \\$aGBB0C4976$2bnb
=016  7\$a015674190$2Uk
=020  \\$a9781405198905 (pbk.) :$c£39.99
=020  \\$a1405198907 (pbk.) :$c£39.99
=020  \\$a9781405198905
=035  \\$a(DNLM)101533358
=040  \\$aStDuBDS$beng$cStDuBDS$dUk
=042  \\$aukblcatcopy
=050  00$aRC633$b.H627 2011
=060  10$aWH 120$bH698e 2011
=082  00$a616.15$222
=100  1\$aHoffbrand, A. V.
=245  10$aEssential haematology /$cA.V. Hoffbrand, P.A.H. Moss, J.E. Pettit.
=250  \\$a6th ed.
=260  \\$aOxford :$bWiley-Blackwell,$c2011.
=300  \\$axi, 454 p. :$bill. (chiefly col.), maps ;$c25 cm.
=336  \\$atext$2rdacontent
=337  \\$aunmediated$2rdamedia
=338  \\$avolume$2rdacarrier
=500  \\$aFormerly CIP.$5Uk
=504  \\$aIncludes bibliographical references and index.
=540  \\$aCurrent Copyright Fee: GBP32.00$c0$5Uk
=650  \0$aBlood$xDiseases.
=650  \0$aHematology.
=650  12$aHematologic Diseases.
=700  1\$aMoss, P. A. H.
=700  1\$aPettit, J. E.
=852  41$aBritish Library$bDSC
=852  41$aBritish Library$bHMNTS$jYK.2012.a.17532
=856  42$3Publisher description$uhttp://www.loc.gov/catdir/enhancements/fy1101/2010024521-d.html
=856  41$3Table of contents only$uhttp://www.loc.gov/catdir/enhancements/fy1101/2010024521-t.html
=856  42$3Contributor biographical information$uhttp://www.loc.gov/catdir/enhancements/fy1101/2010024521-b.html
=985  \\$aNLMCIP
=CAT  \\$aBATCH-CIPN$b00$c20101019$lBLL01$h1700
=CAT  \\$aBATCH$b00$c20101208$lBLL01$h0851
=CAT  \\$a11168$b40$c20110329$lBLL01$h1447
=CAT  \\$a6605$b40$c20120623$lBLL01$h0805
=CAT  \\$aWR16_021$c20160630$lBLL01$h1805
=CAT  \\$aBATCH-CLAB$c20220330$lBLL01$h1546
=CAT  \\$aIPL-CLA$c20220331$lBLL01$h2313
=CFI  0\$aCurrent Copyright Fee: GBP32.00$c0$e01-apr-2022$fGBP32.00$g0$hC$5Uk
=FIN  \\$aY$d20120623
=FMT  \\$a  BK
=LAS  \\$aIPL-CLA$b00$c20220331$lBLL01$h2313
=SID  \\$aZ39$bLOC

