=LDR  04041cam a2200565 a 4500
=001  015705996
=003  Uk
=005  20220331231338.0
=008  110608s2012\\\\enka\\\\\b\\\\001\0\eng\\
=010  \\$a2011024516  
=015  \\$aGBB0E2216$2bnb
=016  7\$a015705996$2Uk
=020  \\$a9780521194976 (hbk.) :$c£60.00
=020  \\$a0521194970 (hbk.) :$c£60.00
=040  \\$aStDuBDS$beng$cStDuBDS$dUk
=042  \\$aukblsr
=050  00$aPA3105$b.R45 2012
=082  00$a883.01$223
=245  00$aRelative chronology in early Greek epic poetry /$cedited by Øivind Andersen and Dag T.T. Haug.
=260  \\$aCambridge ;$aNew York :$bCambridge University Press,$c2012.
=300  \\$axiii, 277 p. :$bill. ;$c24 cm.
=336  \\$atext$2rdacontent
=337  \\$aunmediated$2rdamedia
=338  \\$avolume$2rdacarrier
=500  \\$aFormerly CIP.$5Uk
=504  \\$aIncludes bibliographical references and index.
=505  8\$aMachine generated contents note: Introduction; 1. Relative chronology and the literary history of the early Greek epos Richard Janko; 2. Relative chronology and an 'Aeolic phase' of epic BRANDTLY JONES; 3. The other view: focus on linguistic innovations in the Homeric epics Rudolf Wachter; 4. Late features in the speeches of the Iliad Margalit Finkelberg; 5. Tmesis in the epic tradition Dag T. T. Haug; 6. The Doloneia revisited Georg Danek; 7. Odyssean stratigraphy Stephanie West; 8. Older heroes and earlier poems: the case of Heracles in the Odyssey Øivind Andersen; 9. The Catalogue of Women within the Greek epic tradition: allusion, intertextuality and traditional referentiality Ian C. Rutherford; 10. Intertextuality without text in early Greek epic Jonathan S. Burgess; 11. Perspectives on neoanalysis from the archaic hymns to Demeter Bruno Currie; 12. The relative chronology of the Homeric Catalogue of Ships and of the lists of heroes and cities within the Catalogue Wolfgang Kullman; 13. Towards a chronology of early Greek epic Martin West.
=520  \\$a"This book sets out to disentangle the complex chronology of early Greek epic poetry, which includes Homer, Hesiod, hymns and catalogues. The preserved corpus of these texts is characterised by a rather uniform language and many recurring themes, thus making the establishment of chronological priorities a difficult task. The editors have brought together scholars working on these texts from both a linguistic and a literary perspective to address the problem. Some contributions offer statistical analysis of the linguistic material or linguistic analysis of subgenres within epic, others use a neoanalytical approach to the history of epic themes or otherwise seek to track the development and interrelationship of epic contents. All the contributors focus on the implications of their study for the dating of early epic poems relative to each other. Thus the book offers an overview of the current state of discussion"--$cProvided by publisher.
=540  \\$aCurrent Copyright Fee: GBP25.00$c0$5Uk
=650  \0$aEpic poetry, Greek$xHistory and criticism.
=650  \0$aEpic poetry, Greek$vChronology.
=650  \7$aLITERARY COLLECTIONS / Ancient, Classical & Medieval.$2bisacsh
=700  1\$aAndersen, Øivind.
=700  1\$aHaug, Dag.
=852  41$aBritish Library$bHMNTS$jYC.2012.a.1437
=852  41$aBritish Library$bDSC
=856  42$3Cover image$uhttp://assets.cambridge.org/97805211/94976/cover/9780521194976.jpg
=BUF  \\$aN$d20120124
=CAT  \\$aBATCH-CIPN$b00$c20101130$lBLL01$h1701
=CAT  \\$aBATCH$b00$c20110202$lBLL01$h1157
=CAT  \\$aBATCH-UPD$b00$c20110610$lBLL01$h2026
=CAT  \\$a11029$b40$c20120124$lBLL01$h1311
=CAT  \\$aBATCH-BUOC$b00$c20120329$lBLL01$h2224
=CAT  \\$aWR16_021$c20160701$lBLL01$h1803
=CAT  \\$aBATCH-CLAB$c20220330$lBLL01$h1538
=CAT  \\$aIPL-CLA$c20220331$lBLL01$h2313
=CFI  0\$aCurrent Copyright Fee: GBP25.00$c0$e01-apr-2022$fGBP25.00$g0$hC$5Uk
=FIN  \\$aY$d20120124
=FMT  \\$a  BK
=LAS  \\$aIPL-CLA$b00$c20220331$lBLL01$h2313

