=LDR  02047cam a2200565 a 4500
=001  015710032
=003  Uk
=005  20220331231342.0
=008  110714s2011\\\\enka\\\\\\\\\\001\0\eng\\
=010  \\$a  2011904416
=015  \\$aGBB0E4880$2bnb
=016  7\$a015710032$2Uk
=020  \\$a9780199579044 (pbk.) :$c£32.99
=020  \\$a0199579040 (pbk.) :$c£32.99
=040  \\$aStDuBDS$beng$cStDuBDS$dUk
=042  \\$aukblcatcopy
=043  \\$ae-uk---
=050  00$aKD3930$b.A948 2011
=082  04$a342.41$222
=100  1\$aAllen, M. J.$q(Michael John),$d1956-
=245  10$aCases and materials on constitutional and administrative law /$cMichael J. Allen, Brian Thompson.
=246  14$aCases & materials on constitutional and administrative law
=246  30$aConstitutional and administrative law
=250  \\$a10th ed.
=260  \\$aOxford ;$aNew York :$bOxford University Press,$cc2011.
=300  \\$axxxviii, 737 p. :$bill. ;$c25 cm.
=336  \\$atext$2rdacontent
=337  \\$aunmediated$2rdamedia
=338  \\$avolume$2rdacarrier
=500  \\$aIncludes index.
=500  \\$aFormerly CIP.$5Uk
=540  \\$aCurrent Copyright Fee: GBP22.50$c0$5Uk
=650  \0$aAdministrative law$zGreat Britain$vCases.
=650  \0$aConstitutional law$zGreat Britain$vCases.
=700  1\$aThompson, Brian,$d1955-
=852  41$aBritish Library$bHMNTS$jYK.2012.a.1883
=852  41$aBritish Library$bDSC
=856  41$3Table of contents only$uhttp://www.loc.gov/catdir/toc/fy12pdf01/2011904416.html
=CAT  \\$aBATCH-CIPN$b00$c20101207$lBLL01$h1700
=CAT  \\$aBATCH$b00$c20110302$lBLL01$h1151
=CAT  \\$a12271$b40$c20110627$lBLL01$h1453
=CAT  \\$a5375$b40$c20120118$lBLL01$h1643
=CAT  \\$aWR16_021$c20160701$lBLL01$h1804
=CAT  \\$aBATCH-CLAB$c20220330$lBLL01$h1716
=CAT  \\$aIPL-CLA$c20220331$lBLL01$h2313
=CFI  0\$aCurrent Copyright Fee: GBP22.50$c0$e01-apr-2022$fGBP22.50$g0$hC$5Uk
=FIN  \\$aY$d20120118
=FMT  \\$a  BK
=LAS  \\$aIPL-CLA$b00$c20220331$lBLL01$h2313
=SRC  \\$aBLL02

