=LDR  01903aam a2200505 a 4500
=001  015711448
=003  Uk
=005  20120302003644.0
=008  100709s2011\\\\caua\\\\\\\\\\000\0\eng|d
=010  \\$a2010029249  
=015  \\$aGBB0E6296$2bnb
=016  7\$a015711448$2Uk
=020  \\$a9781933330884 (pbk.) :$c£8.99
=020  \\$a1933330880 (pbk.) :$c£8.99
=040  \\$aStDuBDS$beng$cStDuBDS$dUk
=042  \\$aukblsr
=082  00$a294.3925$222
=100  1\$aStevens, John,$d1947-
=245  10$aTantra of the Tachikawa Ryu :$bsecret sex teachings of the Buddha /$cJohn Stevens.
=260  \\$aBerkeley, Calif. :$bStone Bridge ;$aEnfield :$bPublishers Group UK [distributor],$cc2011.
=300  \\$a74 p. :$bill. ;$c21 cm.
=336  \\$atext$2rdacontent
=337  \\$aunmediated$2rdamedia
=338  \\$avolume$2rdacarrier
=500  \\$aFormerly CIP.$5Uk
=600  00$aHotoke Gozen,$d1160?-1180?$vFiction.
=650  \0$aTachikawa School$xDoctrines.
=650  \0$aSex$xReligious aspects$xTantric Buddhism.
=852  41$aBritish Library$bHMNTS$jYC.2011.a.4915
=852  41$aBritish Library$bDSC
=856  42$3Contributor biographical information$uhttp://www.loc.gov/catdir/enhancements/fy1114/2010029249-b.html
=856  42$3Publisher description$uhttp://www.loc.gov/catdir/enhancements/fy1114/2010029249-d.html
=BUF  \\$aN$d20110405
=CAT  \\$aBATCH-CIPN$b00$c20101207$lBLL01$h1700
=CAT  \\$aBATCH-UPD$b00$c20101207$lBLL01$h1715
=CAT  \\$aBATCH$b00$c20110308$lBLL01$h1706
=CAT  \\$a11029$b40$c20110405$lBLL01$h1417
=CAT  \\$a11029$b40$c20110405$lBLL01$h1419
=CAT  \\$aBATCH-BUOC$b00$c20120302$lBLL01$h0035
=CAT  \\$aWR16_021$c20160701$lBLL01$h1804
=CAT  \\$aBATCH-UPD$b00$c20160701$lBLL01$h1819
=CAT  \\$aBATCH-UPD$b00$c20190809$lBLL01$h2102
=FIN  \\$aY$d20110405
=FMT  \\$a  BK
=LAS  \\$aBATCH-UPD$b00$c20190809$lBLL01$h2102

