=LDR  03170cam a2200781 a 4500
=001  015740845
=003  Uk
=005  20221231230131.0
=008  101207s2010\\\\gw\\\\\\\b\\\|001\0|eng\d
=015  \\$aGBB117209$2bnb
=020  \\$a9783631614624
=020  \\$a3631614624
=035  \\$a(OCoLC)690539613
=040  \\$aYDXCP$cYDXCP$dKAT$dOHX$dGWDNB$dUk
=041  0\$aeng$ager$afre
=042  \\$aukblsr
=082  04$a266$222
=084  \\$a230$2GyFmDB
=245  00$aIntercultural perceptions and prospects of world Christianity /$cRichard Friedli ... [et al.] (eds.).
=260  \\$aFrankfurt am Main :$bPeter Lang,$cc2010.
=300  \\$a140 p. ;$c22 cm.
=336  \\$atext$2rdacontent
=337  \\$aunmediated$2rdamedia
=338  \\$avolume$2rdacarrier
=490  0\$aStudien zur interkulturellen Geschichte des Christentums =$aEtudes d'histoire interculturelle du christianisme =$aStudies in the intercultural history of Christianity,$x0170-9240 ;$vvol. 150
=504  \\$aIncludes bibliographical references and index.
=540  \\$aCurrent Copyright Fee: GBP25.00$c0$5Uk
=546  \\$aIn English, French and German.
=650  \0$aMissions$xTheory.
=650  \0$aChristianity and culture.
=650  \0$aGlobalization$xReligious aspects$xChristianity.
=650  07$aMissionstheologie.$2swd
=650  07$aInterkulturelle Theologie.$2swd
=655  \7$aAufsatzsammlung.$2swd
=700  1\$aFriedli, Richard.
=852  41$aBritish Library$bHMNTS$jX.0100/691(.....)
=852  41$aBritish Library$bDSC$j8490.740000
=852  41$aBritish Library$bHMNTS
=856  42$3Inhaltsverzeichnis$uhttp://d-nb.info/1008180483/04
=ACF  \\$aPrevious Copyright Fee: GBP12.30$c0$e01-jan-2014$fGBP12.30$g0$hA$5Uk
=ACF  \\$aPrevious Copyright Fee: GBP15.00$c0$e01-jan-2017$fGBP15.00$g0$hA$5Uk
=ACF  \\$aPrevious Copyright Fee: GBP20.00$c0$e01-jan-2020$fGBP20.00$g0$hA$5Uk
=CAT  \\$a10926$b40$c20110126$lBLL01$h1440
=CAT  \\$a8980$b40$c20110207$lBLL01$h1532
=CAT  \\$a8197$b40$c20110215$lBLL01$h1529
=CAT  \\$a6940$b40$c20140312$lBLL01$h1718
=CAT  \\$a6940$b40$c20140312$lBLL01$h1743
=CAT  \\$aBATCH-CLA$b00$c20140313$lBLL01$h0035
=CAT  \\$aBATCH-UPD$b00$c20160605$lBLL01$h0533
=CAT  \\$aBATCH-CLA$b00$c20161222$lBLL01$h1832
=CAT  \\$aIPL-CLA$c20161230$lBLL01$h2351
=CAT  \\$aW1707-0052$c20170703$lBLL01$h1912
=CAT  \\$aBATCH-CLA$b00$c20171222$lBLL01$h2206
=CAT  \\$aIPL-CLA$c20171231$lBLL01$h1805
=CAT  \\$aBATCH-CLA$b00$c20191219$lBLL01$h1756
=CAT  \\$aIPL-CLA$c20191231$lBLL01$h2026
=CAT  \\$aR2001-1524$c20200127$lBLL01$h2052
=CAT  \\$aBATCH-CLA$b00$c20200128$lBLL01$h0436
=CAT  \\$aBATCH-CLA$b00$c20201204$lBLL01$h1606
=CAT  \\$aIPL-CLA$c20201231$lBLL01$h2326
=CAT  \\$aBATCH-CLA$b00$c20221221$lBLL01$h1921
=CAT  \\$aIPL-CLA$c20221231$lBLL01$h2301
=CFI  0\$aCurrent Copyright Fee: GBP25.00$c0$e01-jan-2023$fGBP25.00$g0$hA$5Uk
=CFI  2\$aPrevious Copyright Fee: GBP22.50$c0$e01-jan-2021$fGBP22.50$g0$hA$5Uk
=FIN  \\$aY$d20110207
=FMT  \\$a  BK
=LAS  \\$aIPL-CLA$b00$c20221231$lBLL01$h2301
=SID  \\$aZ39$bOCLC

