=LDR  03808aam a2200553 a 4500
=001  015799096
=003  Uk
=005  20111216000306.0
=008  110621s2011\\\\enka\\\\\b\\\\001\0\eng\\
=010  \\$a2011026077  
=015  \\$aGBB152852$2bnb
=016  7\$a015799096$2Uk
=020  \\$a9780521897525 (hbk.) :$c£45.00
=020  \\$a0521897521 (hbk.) :$c£45.00
=020  \\$a9780521722315 (pbk.) :$c£17.99
=020  \\$a0521722314 (pbk.) :$c£17.99
=040  \\$aStDuBDS$beng$cStDuBDS$dUk
=042  \\$aukblsr
=043  \\$ae-uk-en
=050  00$aPR8471$b.C36 2011
=082  00$a820.9358421$223
=245  04$aThe Cambridge companion to the literature of London /$cedited by Lawrence Manley.
=260  \\$aCambridge :$bCambridge University Press,$cc2011.
=300  \\$axviii, 297 p. :$bill. ;$c23 cm.
=336  \\$atext$2rdacontent
=337  \\$aunmediated$2rdamedia
=338  \\$avolume$2rdacarrier
=490  1\$aCambridge companions to literature
=500  \\$aFormerly CIP.$5Uk
=504  \\$aIncludes bibliographical references and index.
=505  8\$aIntroduction / Lawrence Manley -- 1. Images of London in medieval English literature / Ralph Hanna -- 2. London and the early modern stage / Jean E. Howard -- 3. London and the early modern book / Adrian Johns -- 4. London and poetry to 1750 / Brean Hammond -- 5. Staging London in the Restoration and eighteenth century / Laura J. Rosenthal -- 6. London and narration in the long eighteenth century / Cynthia Wall -- 7. London and nineteenth-century poetry / William Sharpe -- 8. London in the Victorian novel / Rosemarie Bodenheimer -- 9. London in Victorian visual culture / Shearer West -- 10. London in poetry since 1900 / Peter Barry -- 11. London and modern prose, 1900-1950 / Leo Mellor -- 12. Immigration and postwar London literature / John Clement Ball -- 13. Writing London in the twenty-first century / John McLeod -- 14. Inner London / James Donald.
=520  \\$a"London has provided the setting and inspiration for a host of literary works in English, from canonical masterpieces to the popular and ephemeral. Drawing upon a variety of methods and materials, the essays in this volume explore the London of Langland and the Peasants' Rebellion, of Shakespeare and the Elizabethan stage, of Pepys and the Restoration coffee house, of Dickens and Victorian wealth and poverty, of Conrad and the Empire, of Woolf and the wartime Blitz, of Naipaul and postcolonial immigration, and of contemporary globalism. Contributions from historians, art historians, theorists and media specialists as well as leading literary scholars exemplify current approaches to genre, gender studies, book history, performance studies and urban studies. In showing how the tradition of English literature is shaped by representations of London, this volume also illuminates the relationship between the literary imagination and the society of one of the world's greatest cities"--$cProvided by publisher.
=650  \0$aEnglish literature$zEngland$zLondon$xHistory and criticism.
=650  \0$aLiterature and society$zEngland$xHistory.
=651  \0$aLondon (England)$xIn literature.
=651  \0$aLondon (England)$xIntellectual life.
=700  1\$aManley, Lawrence,$d1949-
=830  \0$aCambridge companions to literature.
=852  41$aBritish Library$bHMNTS
=852  41$aBritish Library$bHMNTS$jYC.2011.a.11885
=856  42$3Cover image$uhttp://assets.cambridge.org/97805218/97525/cover/9780521897525.jpg
=BUF  \\$aN$d20110908
=CAT  \\$aBATCH-CIPN$b00$c20110503$lBLL01$h1722
=CAT  \\$a11029$b40$c20110908$lBLL01$h0949
=CAT  \\$aBATCH-BUOC$b00$c20111216$lBLL01$h0002
=CAT  \\$aWR16_021$c20160701$lBLL01$h1822
=FIN  \\$aY$d20110908
=FMT  \\$a  BK
=LAS  \\$aWR16_021$b00$c20160701$lBLL01$h1822

