=LDR  01622 am a22004457a 4500
=001  015863784
=003  Uk
=005  20120504111155.0
=008  080903s2008\\\\ii\ab\\\\b\\\\000\0\eng\\
=010  \\$a2008324252
=020  \\$a9788124604588
=020  \\$a8124604584
=025  \\$aI-E-2008-324252; 10-91; 56-91
=035  \\$a(OCoLC)276930542
=037  \\$bLibrary of Congress -- New Delhi Overseas Office$cRs900.00 ({dollar}45.00 U.S.)
=040  \\$aDLC$beng$cDLC$dDKAGE$dCUS$dCAM$dDEBBG$dOCL$dYDXCP$dUk
=042  \\$aukblderived
=043  \\$aaz-----
=050  00$aNA6000$b.B86 2008
=082  04$a726.209 54$222
=084  \\$aEH 5502$2rvk
=100  1\$aBunce, Fredrick W.
=245  14$aThe mosques of the Indian subcontinent :$btheir development and iconography /$cFredrick W. Bunce.
=260  \\$aNew Delhi :$bD.K. Printworld,$c2008.
=300  \\$axv, 212 p. :$bill., map ;$c29 cm.
=336  \\$atext$2rdacontent
=337  \\$aunmediated$2rdamedia
=338  \\$avolume$2rdacarrier
=504  \\$aIncludes bibliographical references (p. 142-144).
=650  \0$aMosques$zSouth Asia$xDesigns and plans.
=650  \0$aMosques$zSouth Asia$xHistory.
=852  41$aBritish Library$bOC
=852  41$aBritish Library$bOC$jYD.2012.b.1331
=856  41$3Table of contents$uhttp://bvbr.bib-bvb.de:8991/F?func=service&doc_library=BVB01&doc_number=017597251&line_number=0001&func_code=DB_RECORDS&service_type=MEDIA
=CAT  \\$a11131$b40$c20110809$lBLL01$h0835
=CAT  \\$a11002$b40$c20120504$lBLL01$h1111
=FIN  \\$aY$d20120504
=FMT  \\$a  BK
=LAS  \\$a11002$b40$c20120504$lBLL01$h1111
=SID  \\$aZ39$bOCLC

