=LDR  02745cam a2200649 i 4500
=001  015873959
=003  Uk
=005  20220331231550.0
=008  120309s2012\\\\enka\\\\\b\\\\001\0\eng\\
=010  \\$a2012009563  
=015  \\$aGBB198873$2bnb
=016  7\$a015873959$2Uk
=020  \\$a9780230275454 (hbk.) :$c£65.00
=020  \\$a0230275451 (hbk.) :$c£65.00
=040  \\$aStDuBDS$beng$cStDuBDS$dUk$erda
=042  \\$aukblsr
=050  00$aHF5548.8$b.H875 2012
=082  00$a158.7$223
=245  00$aHumanitarian work psychology /$cedited by Stuart C. Carr, Massey University, New Zealand ; Malcolm MacLachlan, Trinity College, Dublin, Ireland ; and Adrian Furnham, University College, London, UK.
=260  \\$aHoundmills, Basingstoke, Hampshire ;$aNew York, NY :$bPalgrave Macmillan,$c2012.
=300  \\$axxiii, 359 pages :$billustrations ;$c23 cm.
=336  \\$atext$2rdacontent
=337  \\$aunmediated$2rdamedia
=338  \\$avolume$2rdacarrier
=500  \\$aFormerly CIP.$5Uk
=504  \\$aIncludes bibliographical references and index.
=540  \\$aBritish Library not licensed to copy$c0$5Uk
=650  \7$aBUSINESS & ECONOMICS / Development / General.$2bisacsh
=650  \7$aBUSINESS & ECONOMICS / Organizational Behavior.$2bisacsh
=650  \7$aBUSINESS & ECONOMICS / Human Resources & Personnel Management.$2bisacsh
=650  \7$aPSYCHOLOGY / Industrial & Organizational Psychology.$2bisacsh
=650  \7$aBUSINESS & ECONOMICS / Motivational.$2bisacsh
=650  \0$aPsychology, Industrial.
=650  \0$aPersonnel management.
=650  \0$aOrganizational behavior.
=690  7\$aManagement and Business Studies$2blcoll
=700  1\$aCarr, Stuart C.,$eeditor of compilation.
=700  1\$aFurnham, Adrian,$eeditor of compilation.
=700  1\$aMacLachlan, Malcolm,$eeditor of compilation.
=852  41$aBritish Library$bDSC$jm12/.12562
=852  41$aBritish Library$bHMNTS
=856  42$3Cover image$uhttp://www.netread.com/jcusers2/bk1388/454/9780230275454/image/lgcover.9780230275454.jpg
=BUF  \\$aN$d20120519
=CAT  \\$aBATCH-CIPN$b00$c20110823$lBLL01$h1700
=CAT  \\$a6524$b40$c20120519$lBLL01$h1118
=CAT  \\$aBATCH-SWP$c20120601$lBLL01$h2240
=CAT  \\$aBATCH-BUOC$b00$c20120726$lBLL01$h2119
=CAT  \\$aBATCH-UPD$b00$c20120727$lBLL01$h0656
=CAT  \\$aBATCH-MBS$c20120803$lBLL01$h2119
=CAT  \\$aBATCH-UPD$b00$c20150424$lBLL01$h0415
=CAT  \\$aWR16_021$c20160702$lBLL01$h1814
=CAT  \\$aBATCH-CLAB$c20220330$lBLL01$h1726
=CAT  \\$aIPL-CLA$c20220331$lBLL01$h2315
=CFI  0\$aBritish Library not licensed to copy$c0$e01-apr-2022$hC$iCFP Excluded$5Uk
=FIN  \\$aY$d20120519
=FMT  \\$a  BK
=LAS  \\$aIPL-CLA$b00$c20220331$lBLL01$h2315

