=LDR  02340cam a2200565 a 4500
=001  015875528
=003  Uk
=005  20220422010604.0
=008  101210s2010\\\\dcuab\\\\b\\\\101\0\eng\\
=010  \\$a2010048296  
=015  \\$aGBB1A0442$2bnb
=016  7\$a015875528$2Uk
=020  \\$a9780841225985 (cased) :$cNo price
=040  \\$aStDuBDS$beng$cStDuBDS$dUk
=042  \\$aukblsr
=050  00$aTD195.S93$bS87 2010
=082  04$a633.61$223
=245  00$aSustainability of the sugar and sugar-ethanol industries /$cGillian Eggleston, editor ; sponsored by the ACS Division of Carbohydrate Chemistry ... [et al.].
=260  \\$aNew York :$bAmerican Chemical Society ;$aOxford :$bOxford University Press [distributor],$cc2010.
=300  \\$axvi, 301 p. :$bill. (some col.), maps (some col.) ;$c24 cm.
=336  \\$atext$2rdacontent
=337  \\$aunmediated$2rdamedia
=338  \\$avolume$2rdacarrier
=490  0\$aACS symposium series ;$v1058
=500  \\$aFormerly CIP.$5Uk
=504  \\$aIncludes bibliographical references and indexes.
=540  \\$aCurrent Copyright Fee: GBP33.79$c0$5Uk
=591  \\$aPapers.
=650  \0$aSugarcane industry$xEnvironmental aspects.
=650  \0$aEthanol fuel industry$xEnvironmental aspects.
=653  1\$aSugar-Ethanol industry
=700  1\$aEggleston, Gillian,$d1963-
=710  2\$aAmerican Chemical Society.$bDivision of Carbohydrate Chemistry.
=852  41$aBritish Library$bSTI
=852  41$aBritish Library$bDSC$j0578.895000
=852  11$aBritish Library$bSTI$k(B)$h633.61$i1058
=856  41$3Table of contents only$uhttp://www.loc.gov/catdir/toc/fy11pdf03/2010048296.html
=945  \\$aACS symposium series ; vol 1058 2010
=CAT  \\$aBATCH-CIPN$b00$c20110823$lBLL01$h1701
=CAT  \\$a11029$b40$c20110824$lBLL01$h1119
=CAT  \\$aBATCH-BUOC$b00$c20110902$lBLL01$h0014
=CAT  \\$a10896$b40$c20111014$lBLL01$h1148
=CAT  \\$aWR16_021$c20160702$lBLL01$h1815
=CAT  \\$a8411$b40$c20220421$lBLL01$h1654
=CAT  \\$aBATCH-CLA$b00$c20220422$lBLL01$h0106
=CFI  0\$aCurrent Copyright Fee: GBP33.79$c0$e01-jan-2022$fGBP33.79$g0$hC$5Uk
=CNF  \\$aSustainability of the sugar and sugar-ethanol industries (conference)$d(2010 Mar :$cSan Francisco, CA)
=FIN  \\$aY$d20110824
=FMT  \\$a  BK
=LAS  \\$aBATCH-CLA$b00$c20220422$lBLL01$h0106

