=LDR  01753cam a2200457 a 4500
=001  015887852
=003  Uk
=005  20230227162529.0
=008  110909s2011\\\\gw\ab\\\\b\\\\100\0\ger\c
=020  \\$a9783895008115 (cl.)
=020  \\$a3895008117 (cl.)
=035  \\$a(OCoLC)752063189
=040  \\$aOHX$beng$cOHX$dBTCTA$dSTF$dWTU$dUk
=042  \\$aukblsr
=050  \4$aPT1617$b.N53 2011
=072  \7$aPT$2lcco
=072  \7$aPL$2lcco
=245  04$aDas "Nibelungenlied" und "Das Buch des Dede Korkut" :$bsprachwissenschaftliche Beiträge zum ersten interkulturellen Symposium in Baku, Aserbaidschan, 2009 /$cherausgegeben von Kamal M. Abdullayev ... [et al.] ; unter redaktioneller Mitarbeit von Dorothea Winterling.
=260  \\$aWiesbaden :$bReichert Verlag,$c2011.
=300  \\$aviii, 182 p. :$bill., 1 map ;$c25 cm.
=336  \\$atext$2rdacontent
=337  \\$aunmediated$2rdamedia
=338  \\$avolume$2rdacarrier
=490  1\$aImagines medii aevi ;$vBd. 28
=500  \\$aProceedings of a conference held 30 Sept.-4 Oct. 2009 in Baku.
=504  \\$aIncludes bibliographical references.
=630  00$aNibelungenlied$xLanguage$vCongresses.
=630  00$aKitabi Dădă Gorgud$xLanguage$vCongresses.
=700  1\$aAbdullaev, K. M.
=830  \0$aImagines Medii Aevi ;$vBd. 28.
=852  41$aBritish Library$bHMNTS$jZA.9.a.9723
=852  41$aBritish Library$bHMNTS
=856  42$3Table of contents$uhttp://d-nb.info/1014626889/04
=CAT  \\$a6098$b40$c20110912$lBLL01$h0836
=CAT  \\$a6470$b40$c20120126$lBLL01$h1247
=CAT  \\$aBATCH-UPD$b40$c20190519$lBLL01$h2054
=CAT  \\$a7764$b40$c20230227$lBLL01$h1625
=FIN  \\$aY$d20120126
=FMT  \\$a  BK
=LAS  \\$a7764$b40$c20230227$lBLL01$h1625
=SID  \\$aZ39$bOCLC

