=LDR  04029cam a2200913 a 4500
=001  015901162
=003  Uk
=005  20221231230854.0
=008  110812s2011\\\\fr\\\\\\\b\\\\101\0\fre\d
=020  \\$a9782848673189 (pbk.)
=020  \\$a2848673184 (pbk.)
=035  \\$a(OCoLC)750828607
=040  \\$aDE-604$beng$cDEBBG$dUk
=042  \\$aukblsr
=044  \\$afr$cFR
=084  \\$a8,2$2ssgn
=245  03$aLa République et son droit (1870-1930) /$csous la direction de Annie Stora-Lamarre, Jean-Louis Halperin, Frédéric Audren.
=260  \\$aBesançon :$bPresses Universitaires de Franche-Comté,$c2011.
=300  \\$a538 p. ;$c24 cm.
=336  \\$atext$2rdacontent
=337  \\$aunmediated$2rdamedia
=338  \\$avolume$2rdacarrier
=490  1\$aAnnales littéraires de l'Université de Franche-Comté,$x0523-0535 ;$vno 885.$aSérie "Historiques" ;$vno 35
=500  \\$aProceedings from an international colloquium held in Besançon, France, Nov. 19-20, 2008.
=504  \\$aIncludes bibliographical references (p. 516-517) and index.
=540  \\$aCurrent Copyright Fee: GBP25.00$c0$5Uk
=591  \\$aPapers.
=648  \7$aGeschichte 1870-1930.$2swd
=650  \0$aLaw$zFrance$xHistory$y19th century$vCongresses.
=650  \0$aLaw$zFrance$xHistory$y20th century$vCongresses.
=650  07$aPolitik.$2swd
=650  07$aVerfassungsrecht.$2swd
=653  1\$aDroit
=653  1\$aRepublique
=700  1\$aStora-Lamarre, Annie.
=700  1\$aHalpérin, Jean-Louis.
=700  1\$aAudren, Frédéric.
=830  \0$aAnnales littéraires de l'Université de Franche-Comté,$x0523-0535 ;$v885.
=830  \0$aAnnales littéraires de l'Université de Franche-Comté.$pSérie Historiques ;$vno 35.
=852  41$aBritish Library$bDSC$j0981.060000
=852  41$aBritish Library$bHMNTS$jAc.282/6[No.......]
=852  41$aBritish Library$bHMNTS
=852  41$aBritish Library$bHMNTS$jAc.282/6[No. 885]
=856  41$3Table of contents$uhttp://bvbr.bib-bvb.de:8991/F?func=service&doc_library=BVB01&doc_number=024379438&line_number=0001&func_code=DB_RECORDS&service_type=MEDIA
=945  \\$aAnnales litteraires- Universite de Besancon, ISSN 0523-0535 ; no 885 2011
=ACF  \\$aPrevious Copyright Fee: GBP12.30$c0$e01-jan-2014$fGBP12.30$g0$hA$5Uk
=ACF  \\$aPrevious Copyright Fee: GBP15.00$c0$e01-jan-2017$fGBP15.00$g0$hA$5Uk
=ACF  \\$aPrevious Copyright Fee: GBP20.00$c0$e01-jan-2020$fGBP20.00$g0$hA$5Uk
=CAT  \\$a8197$b40$c20110929$lBLL01$h1159
=CAT  \\$a12640$b40$c20111116$lBLL01$h1112
=CAT  \\$a9504$b40$c20120110$lBLL01$h1454
=CAT  \\$a6933$b40$c20120116$lBLL01$h1529
=CAT  \\$aBATCH-CLA$b00$c20120928$lBLL01$h1831
=CAT  \\$aBATCH-CLA$b00$c20120930$lBLL01$h1035
=CAT  \\$aBATCH-CLA$b00$c20130508$lBLL01$h0721
=CAT  \\$aBATCH-CLA$c20131220$lBLL01$h2114
=CAT  \\$aIPL-CLA$c20140101$lBLL01$h0151
=CAT  \\$aBATCH-UPD$b00$c20161124$lBLL01$h2123
=CAT  \\$aBATCH-CLA$b00$c20161125$lBLL01$h0114
=CAT  \\$aBATCH-CLA$b00$c20161222$lBLL01$h1834
=CAT  \\$aIPL-CLA$c20161230$lBLL01$h2357
=CAT  \\$aBATCH-CLA$b00$c20171222$lBLL01$h2209
=CAT  \\$aIPL-CLA$c20171231$lBLL01$h1809
=CAT  \\$aBATCH-CLA$b00$c20191219$lBLL01$h1757
=CAT  \\$aIPL-CLA$c20191231$lBLL01$h2029
=CAT  \\$aR2001-1524$c20200127$lBLL01$h2054
=CAT  \\$aBATCH-CLA$b00$c20200128$lBLL01$h0428
=CAT  \\$aBATCH-CLA$b00$c20201204$lBLL01$h1607
=CAT  \\$aIPL-CLA$c20201231$lBLL01$h2329
=CAT  \\$aBATCH-CLA$b00$c20221221$lBLL01$h1923
=CAT  \\$aIPL-CLA$c20221231$lBLL01$h2308
=CFI  0\$aCurrent Copyright Fee: GBP25.00$c0$e01-jan-2023$fGBP25.00$g0$hA$5Uk
=CFI  2\$aPrevious Copyright Fee: GBP22.50$c0$e01-jan-2021$fGBP22.50$g0$hA$5Uk
=CNF  \\$aLa République et son droit (Colloque international)$d(2008 :$cBeasnçon, France)
=FIN  \\$aY$d20111116
=FMT  \\$a  BK
=LAS  \\$aIPL-CLA$b00$c20221231$lBLL01$h2308
=SID  \\$aZ39$bOCLC
=TCO  \\$aFRA$bCFC$c008

