=LDR  02943cam a2200709 a 4500
=001  016066381
=003  Uk
=005  20221231231359.0
=008  120217s2011\\\\it\\\\\\\b\\\\001\0\fre\d
=010  \\$a  2011538460
=020  \\$a9782728308552 (pbk.) :$c80.00 EUR
=035  \\$a(ItFiC)it 12061271
=040  \\$aItFiC$cItFiC$dDLC$dUk
=042  \\$aukblcatcopy
=043  \\$aff-----$ae------$aaw-----
=050  00$aDG55.M3$bS55 2011
=100  1\$aSimon, Mathilde.
=245  13$aLe rivage grec de l'Italie romaine :$bla grande Grèce dans l'historiographie augustéenne /$cMathilde Simon.
=260  \\$aRome :$bÉcole française de Rome,$c2011.
=300  \\$aviii, 527 p. ;$c24 cm.
=336  \\$atext$2rdacontent
=337  \\$aunmediated$2rdamedia
=338  \\$avolume$2rdacarrier
=490  0\$aCollection de l'École française de Rome,$x0223-5099 ;$v442
=504  \\$aIncludes bibliographical references (p. [449]-503) and index.
=540  \\$aCurrent Copyright Fee: GBP25.00$c0$5Uk
=650  \0$aHistoriography$zRome.
=651  \0$aMagna Graecia (Italy)$xHistoriography.
=852  41$aBritish Library$bDSC$j3310.417000
=852  41$aBritish Library$bHMNTS$jAc.5233.a.[....]
=852  41$aBritish Library$bHMNTS
=852  41$aBritish Library$bHMNTS$jAc.5233.a.[442]
=856  41$3Table of contents only$uhttp://www.loc.gov/catdir/toc/casalini09/12061271.pdf
=ACF  \\$aPrevious copyright fee: GBP12.00$c0$e01-jan-2012$fGBP12.00$g0$hA$5Uk
=ACF  \\$aPrevious Copyright Fee: GBP12.30$c0$e01-jan-2014$fGBP12.30$g0$hA$5Uk
=ACF  \\$aPrevious Copyright Fee: GBP15.00$c0$e01-jan-2017$fGBP15.00$g0$hA$5Uk
=ACF  \\$aPrevious Copyright Fee: GBP20.00$c0$e01-jan-2020$fGBP20.00$g0$hA$5Uk
=CAT  \\$a7233$b40$c20120413$lBLL01$h1310
=CAT  \\$aBATCH-CLA$b00$c20120928$lBLL01$h1839
=CAT  \\$aBATCH-CLA$b00$c20120930$lBLL01$h1050
=CAT  \\$aBATCH-CLA$b00$c20130508$lBLL01$h0738
=CAT  \\$aBATCH-CLA$c20131220$lBLL01$h2116
=CAT  \\$aIPL-CLA$c20140101$lBLL01$h0158
=CAT  \\$aBATCH-CLA$b00$c20161222$lBLL01$h1834
=CAT  \\$aIPL-CLA$c20161231$lBLL01$h0002
=CAT  \\$aBATCH-CLA$b00$c20171222$lBLL01$h2210
=CAT  \\$aIPL-CLA$c20171231$lBLL01$h1812
=CAT  \\$aBATCH-CLA$b00$c20191219$lBLL01$h1758
=CAT  \\$aIPL-CLA$c20191231$lBLL01$h2031
=CAT  \\$aR2001-1524$c20200127$lBLL01$h2056
=CAT  \\$aBATCH-CLA$b00$c20200128$lBLL01$h0448
=CAT  \\$aBATCH-CLA$b00$c20201204$lBLL01$h1608
=CAT  \\$aIPL-CLA$c20201231$lBLL01$h2332
=CAT  \\$aBATCH-CLA$b00$c20221221$lBLL01$h1924
=CAT  \\$aIPL-CLA$c20221231$lBLL01$h2313
=CFI  0\$aCurrent Copyright Fee: GBP25.00$c0$e01-jan-2023$fGBP25.00$g0$hA$5Uk
=CFI  2\$aPrevious Copyright Fee: GBP22.50$c0$e01-jan-2021$fGBP22.50$g0$hA$5Uk
=FIN  \\$aY$d20120413
=FMT  \\$a  BK
=LAS  \\$aIPL-CLA$b00$c20221231$lBLL01$h2313
=SRC  \\$aBLL02
=TCO  \\$aITA$bAIDRO / SIAE$c008

