=LDR  02850aam a2200577 i 4500
=001  016098979
=003  Uk
=005  20130808233141.0
=008  120502s2012\\\\cau\\\\\\b\\\\001\0\eng\\
=010  \\$a2012016817  
=015  \\$aGBB254861$2bnb
=016  7\$a016098979$2Uk
=020  \\$a9781118097359 (hbk.) :$c£33.99
=020  \\$a1118097351 (hbk.) :$c£33.99
=020  \\$z9781118223673 (ebk)
=020  \\$z9781118237045 (ebk)
=020  \\$z9781118262009 (ebk)
=040  \\$aStDuBDS$beng$cStDuBDS$dUk$erda
=042  \\$aukblsr
=050  00$aLC1100$b.C63 2012
=082  00$a378.01$223
=100  1\$aCockell, Jeanie,$d1950-
=245  10$aAppreciative inquiry in higher education :$ba transformative force /$cJeanie Cockell, Joan McArthur-Blair.
=250  \\$aFirst edition.
=260  \\$aSan Francisco :$bJossey-Bass, a Wiley imprint,$c[2012].
=300  \\$axxv, 228 pages ;$c24 cm.
=336  \\$atext$2rdacontent
=337  \\$aunmediated$2rdamedia
=338  \\$avolume$2rdacarrier
=490  0\$aThe Jossey-Bass higher and adult education series
=500  \\$aFormerly CIP.$5Uk
=504  \\$aIncludes bibliographical references (pages 219-222) and index.
=520  \\$a"Appreciative Inquiry (AI) is about making positive changes in the world so to incorporate it fully in higher education means it will have an exponential impact on the next generation of positive change makers in the world. This book puts the focus on AI in higher education. It provides unique stories and practical guidance on how AI can be applied in higher education and offers practitioners the AI concepts, frameworks and agendas. The book gives practitioners the theoretical concepts to ground their work and links AI to the positive psychology and strengths work that has influenced educational approaches in the first decade of the 21st century"--$cProvided by publisher.
=650  \0$aTransformative learning.
=650  \0$aEducation, Higher$xAims and objectives.
=650  \0$aAppreciative inquiry.
=650  \7$aEDUCATION / Administration / General.$2bisacsh
=700  1\$aMcArthur-Blair, Joan,$d1954-
=852  \\$aBritish Library$bMUSIC
=852  41$aBritish Library$bHMNTS$jYC.2013.a.6446
=856  42$3Publisher description$uhttp://www.loc.gov/catdir/enhancements/fy1210/2012016817-d.html
=856  41$3Table of contents only$uhttp://www.loc.gov/catdir/enhancements/fy1210/2012016817-t.html
=856  42$3Contributor biographical information$uhttp://www.loc.gov/catdir/enhancements/fy1214/2012016817-b.html
=BUF  \\$aN$d20130521
=CAT  \\$aBATCH-CIPN$b00$c20120605$lBLL01$h1700
=CAT  \\$a6829$b40$c20130521$lBLL01$h1146
=CAT  \\$aBATCH-BUOC$b00$c20130808$lBLL01$h2330
=CAT  \\$aWR16_021$c20160705$lBLL01$h1804
=FIN  \\$aY$d20130521
=FMT  \\$a  BK
=LAS  \\$aWR16_021$b00$c20160705$lBLL01$h1804

