=LDR  04111cam a2200613 i 4500
=001  016117818
=003  Uk
=005  20220331231841.0
=008  120504s2013\\\\enkb\\\\\b\\\\001\0\eng\\
=010  \\$a  2012017768
=015  \\$aGBB264829$2bnb
=016  7\$a016117818$2Uk
=020  \\$a9781107024861 (hbk.) :$c£60.00
=020  \\$a1107024862 (hbk.) :$c£60.00
=040  \\$aStDuBDS$beng$cStDuBDS$dUk$erda
=042  \\$aukblsr
=043  \\$acl-----
=050  00$aKG574$b.H45 2013
=082  00$a342.808/73$223
=084  \\$aLAW000000$2bisacsh
=100  1\$aHernández, Tanya Katerí.
=245  10$aRacial subordination in Latin America :$bthe role of the state, customary law, and the new civil rights response /$cTanya Katerí Hernández.
=264  \1$aCambridge ;$aNew York :$bCambridge University Press,$c2013.
=300  \\$aviii, 247 pages :$bmaps ;$c24 cm
=336  \\$atext$2rdacontent
=337  \\$aunmediated$2rdamedia
=338  \\$avolume$2rdacarrier
=500  \\$aFormerly CIP.$5Uk
=504  \\$aIncludes bibliographical references (pages 201-238) and index.
=505  8\$aMachine generated contents note : Racial innocence and the customary law of race regulation; 2. Spanish America whitening the race - the un(written) laws of "blanqueamiento" and "mestizaje"; 3. Brazilian "Jim Crow" : the immigration law whitening project and the customary law of racial segregation - a case study; 4. The social exclusion of afro-descendants in Latin America today; 5. Afro-descendant social justice movements and the new antidiscrimination laws; 6. Brazil : at the forefront of Latin American race-based affirmative action policies and census racial data collection; 7. Conclusion : the United States - Latin America connections.
=520  \\$a"There are approximately 150 million people of African descent in Latin America yet Afro-descendants have been consistently marginalized as undesirable elements of the society. Latin America has nevertheless long prided itself on its absence of U.S.-styled state-mandated Jim Crow racial segregation laws. This book disrupts the traditional narrative of Latin America's legally benign racial past by comprehensively examining the existence of customary laws of racial regulation and the historic complicity of Latin American states in erecting and sustaining racial hierarchies. Tanya Katerí Hernández is the first author to consider the salience of the customary law of race regulation for the contemporary development of racial equality laws across the region. Therefore, the book has a particular relevance for the contemporary U.S. racial context in which Jim Crow laws have long been abolished and a "post-racial" rhetoric undermines the commitment to racial equality laws and policies amidst a backdrop of continued inequality"--$cProvided by publisher.
=540  \\$aCurrent Copyright Fee: GBP25.00$c0$5Uk
=650  \0$aRace discrimination$xLaw and legislation$zLatin America.
=650  \0$aAfricans$xLegal status, laws, etc.$zLatin America.
=650  \0$aCustomary law$zLatin America.
=650  \0$aCivil rights$zLatin America.
=650  \7$aLAW / General.$2bisacsh
=852  41$aBritish Library$bHMNTS
=852  41$aBritish Library$bDSC$jm13/.10018
=856  42$3Publisher description$uhttp://www.loc.gov/catdir/enhancements/fy1210/2012017768-d.html
=856  42$3Contributor biographical information$uhttp://www.loc.gov/catdir/enhancements/fy1210/2012017768-b.html
=856  41$3Table of contents only$uhttp://www.loc.gov/catdir/enhancements/fy1210/2012017768-t.html
=CAT  \\$aBATCH-CIPN$b00$c20120703$lBLL01$h1700
=CAT  \\$aBATCH-UPD$b00$c20120703$lBLL01$h1707
=CAT  \\$a5512$b40$c20130103$lBLL01$h1128
=CAT  \\$aWR16_021$c20160705$lBLL01$h1807
=CAT  \\$aBATCH-UPD$b00$c20160705$lBLL01$h1846
=CAT  \\$aBATCH-CLAB$c20220330$lBLL01$h1622
=CAT  \\$aIPL-CLA$c20220331$lBLL01$h2318
=CFI  0\$aCurrent Copyright Fee: GBP25.00$c0$e01-apr-2022$fGBP25.00$g0$hC$5Uk
=FIN  \\$aY$d20130103
=FMT  \\$a  BK
=LAS  \\$aIPL-CLA$b00$c20220331$lBLL01$h2318
=SRC  \\$aBLL02

