=LDR  02006cam a2200505 i 4500
=001  016150873
=003  Uk
=005  20230227162445.0
=008  110415t20102010gw\a\\\\\b\\\\001\0\ger\c
=010  \\$a  2011447067
=020  \\$a9783895007583
=020  \\$a3895007587
=035  \\$a(OCoLC)ocn714722456
=040  \\$aBTCTA$beng$cBTCTA$dSTF$dDLC$erda
=042  \\$apcc
=043  \\$ae-gx---
=050  00$aBX2015.25$b.H46 2010
=100  1\$aHenkel, Mathias,$eauthor.
=245  10$aDeutsche Messübersetzungen Des Spätmittelaters :$bUntersuchungen Auf Der Grundlage Ausgewählter Handschriften Und Vorreformatorischer Drucke /$cvon Mathias Henkel.
=260  \\$aWiesbaden :$bReichert Verlag,$c2010, ©2010.
=300  \\$a350 pages :$bcolor illustrations ;$c25 cm.
=336  \\$atext$2rdacontent
=337  \\$aunmediated$2rdamedia
=338  \\$avolume$2rdacarrier
=490  1\$aImagines Medii Aevi ;$vBd. 27
=504  \\$aIncludes bibliographical references (pages 251-280) and index.
=610  20$aCatholic Church$xLiturgy$xTexts$xHistory and criticism.
=610  20$aCatholic Church$zGermany$xLiturgy$xHistory.
=650  \0$aMissals$zGermany$xHistory.
=650  \0$aLiturgies$xTranslations into German$xHistory and criticism.
=650  \0$aLiturgical language$xGerman.
=651  \0$aGermany$xChurch history$y843-1517.
=776  08$iOnline version:$aHenkel, Mathias.$tDeutsche Messübersetzungen Des Spätmittelaters.$w(OCoLC)757240677$dWiesbaden : Reichert Verlag, 2010, ©2010
=830  \0$aImagines Medii Aevi ;$vBd. 27.
=852  41$aBritish Library$bHMNTS$jZA.9.a.9723
=852  41$aBritish Library$bHMNTS
=856  42$3Table of contents$uhttp://d-nb.info/1009430726/04
=CAT  \\$a6098$b40$c20120820$lBLL01$h1229
=CAT  \\$a6098$b40$c20120820$lBLL01$h1235
=CAT  \\$aBATCH-UPD$b40$c20170425$lBLL01$h1240
=CAT  \\$a7764$b40$c20230227$lBLL01$h1624
=FIN  \\$aY$d20120820
=FMT  \\$a  BK
=LAS  \\$a7764$b40$c20230227$lBLL01$h1624
=SRC  \\$aBLL02

