=LDR  02853aam a2200577 i 4500
=001  016154908
=003  Uk
=005  20150326212520.0
=008  120319s2012\\\\mdua\\\\\b\\\\001\0\eng\\
=010  \\$a2012008826  
=015  \\$aGBB287044$2bnb
=016  7\$a016154908$2Uk
=020  \\$a9781598572490
=020  \\$a1598572490
=040  \\$aDLC$beng$cDLC$dYDX$dYDXCP$dBTCTA$dUk$erda
=042  \\$aukblsr
=043  \\$an-us---
=050  00$aHD7256.U5$bD38 2012
=082  00$a362.40484$223
=100  1\$aDaston, Maryellen.
=245  10$aHigh school transition that works! :$blessons learned from Project SEARCH /$cby Maryellen Daston, Ph.D., J. Erin Riehle, M.S.N., and Susie Rutkowski, M.A., Cincinnati Children's Hospital Medical Center , Cincinnati, Ohio ; [foreword by Paul Wehman].
=264  \1$aBaltimore :$bPaul H. Brookes Publishing Co.,$c[2012]
=300  \\$axv, 241 pages :$billustrations ;$c28 cm.
=336  \\$atext$2rdacontent
=337  \\$aunmediated$2rdamedia
=338  \\$avolume$2rdacarrier
=504  \\$aIncludes bibliographical references (pages 227-234) and index.
=505  0\$aObstacles to meaningful employment for people with disabilities -- The Project SEARCH model : a business-driven approach -- The Project SEARCH high school transition program -- Designing effective internships -- Project SEARCH is a collaborative model -- Expanding horizons : early life experiences that promote employability -- Complex and systematic jobs -- Job retention and career advancement -- Workplace conduct : Project SEARCH as a real-life learning laboratory -- Adapting the Project SEARCH model to different environments -- Where do we go from here?
=610  20$aProject SEARCH (1996- )
=650  \0$aPeople with disabilities$xEmployment$zUnited States.
=650  \0$aSchool-to-work transition$zUnited States.
=650  \0$aVocational guidance$zUnited States.
=690  7\$aSocial Welfare$2blcoll
=700  1\$aRiehle, J. Erin.
=700  1\$aRutkowski, Susie.
=852  41$aBritish Library$bDSC
=852  41$aBritish Library$bHMNTS$jYK.2012.b.10415
=856  42$3Publisher description$uhttp://www.loc.gov/catdir/enhancements/fy1402/2012008826-d.html
=856  41$3Table of contents only$uhttp://www.loc.gov/catdir/enhancements/fy1407/2012008826-t.html
=856  42$3Contributor biographical information$uhttp://www.loc.gov/catdir/enhancements/fy1407/2012008826-b.html
=BUF  \\$aN3$d20120904
=CAT  \\$aBATCH-APP$b00$c20120824$lBLL01$h2103
=CAT  \\$a5512$b40$c20120904$lBLL01$h1448
=CAT  \\$aBATCH-SWP$c20120907$lBLL01$h2248
=CAT  \\$aBATCH-BUOC$b00$c20150326$lBLL01$h2124
=CAT  \\$aBATCH-SWP$c20150522$lBLL01$h2207
=CAT  \\$aWR16_021$c20160706$lBLL01$h1805
=FIN  \\$aY$d20120904
=FMT  \\$a  BK
=LAS  \\$aWR16_021$b00$c20160706$lBLL01$h1805
=SRC  \\$aBlackwells

