=LDR  04681cam a2200745 i 4500
=001  016172635
=003  Uk
=005  20230302181646.0
=008  121127s2013\\\\flua\\\\\b\\\\001\0\eng\\
=010  \\$a2012035002  
=015  \\$aGBB293916$2bnb
=016  7\$a016172635$2Uk
=020  \\$a9781439855379 (hbk.) :$c£159.00
=020  \\$a1439855374 (hbk.) :$c£159.00
=020  \\$a9781439855386 (ebook) :$c£159.00
=020  \\$a1439855382 (ebook) :$c£159.00
=040  \\$aStDuBDS$beng$cStDuBDS$dUk$erda
=042  \\$aukblsr
=050  00$aTJ1077$b.S55 2013
=082  00$a621.89$223
=245  00$aSynthetics, mineral oils, and bio-based lubricants :$bchemistry and technology /$c[edited by] Leslie R. Rudnick.
=250  \\$aSecond edition.
=264  \1$aBoca Raton :$bCRC Press,$c[2013]
=300  \\$axvi, 992 pages :$billustrations ;$c29 cm. +$e1 videodisc (DVD : 4 3/4 in.)
=336  \\$atext$2rdacontent
=337  \\$aunmediated$2rdamedia
=338  \\$avolume$2rdacarrier
=490  0\$aChemical industries ;$v111
=500  \\$aFormerly CIP.$5Uk
=504  \\$aIncludes bibliographical references and index.
=520  \\$a"Preface Synthetic fluids and bio-based lubricants continue to grow. The global synthetic lubricant market is expected to grow to over 12% before the end of this decade. The European region is the largest consumer of synthetics followed by North America and then Asia-Pacific. Changes in North America are expected to improve demand for synthetic oils, with Honda and Toyota recommending 0W multigrade passenger car engine oils, and many high-performance sports cars are delivered with full synthetic motor oils as factory fill. Global industrial synthetic and semisynthetic use continues to grow driven by modern equipment, advanced technology, and government regulations. Synthetics are now required in many applications due to severe operating conditions or corrosive environments. In the area of bio-based lubricants, there have been advances in the stability of the oils that are now available in industrial useful quantity. Bio-based lubricants are an attractive alternative to petroleum-based lubricants in certain applications. Increased use of bio-based lubricants is also being driven by new government regulations. Chemical companies are also looking at approaches to non-petroleum-based lubricant base oils. For example, DuPont has bioengineered soybean seeds to yield soybean oil that is more stable to oxidation. Various chemical reactions have been used to reduce the pour point of vegetable oils, and epoxidation is also used to improve oxidative stability. Recently, Albemarle announced a partnership with Amyris to produce a new base fluid based on farnesene. Another area expected to compete will be the gas-to-liquids base oils from Shell-Qater Petroleum's Pearl Plant. The plant is expected to produce 4 and 8 cSt Group III and a 3cSt Group II"--$cProvided by publisher.
=540  \\$aCurrent Copyright Fee: GBP45.00$c0$5Uk
=650  \0$aLubrication and lubricants.
=700  1\$aRudnick, Leslie R.,$d1947-$eeditor of compilation.
=852  41$aBritish Library$bSTI
=852  41$aBritish Library$bDSC$j3147.030000
=852  11$aBritish Library$bSTI$k(B)$h621.89
=856  42$3Cover image$uhttp://jacketsearch.tandf.co.uk/common/jackets/covers/websmall/978143985/9781439855379.jpg
=ACF  \\$aPrevious Copyright Fee: GBP25.00$c0$e01-jan-2014$fGBP25.00$g0$hC$5Uk
=BUF  \\$aN$d20130314
=CAT  \\$aBATCH-CIPN$b00$c20120918$lBLL01$h1700
=CAT  \\$a6098$b40$c20130314$lBLL01$h0920
=CAT  \\$a7164$b40$c20130314$lBLL01$h1107
=CAT  \\$aBATCH-CLA$b00$c20130429$lBLL01$h0158
=CAT  \\$aBATCH-CLA$b00$c20130508$lBLL01$h0735
=CAT  \\$aBATCH-CLA$b00$c20130602$lBLL01$h0156
=CAT  \\$aIPL-CLA$c20130701$lBLL01$h0153
=CAT  \\$aBATCH-CLA$b00$c20130902$lBLL01$h0142
=CAT  \\$aIPL-CLA$c20130930$lBLL01$h1815
=CAT  \\$aBATCH-BUOC$b00$c20131128$lBLL01$h2338
=CAT  \\$aBATCH-CLA$b00$c20131129$lBLL01$h0038
=CAT  \\$aBATCH-CLA$b00$c20131202$lBLL01$h0340
=CAT  \\$aIPL-CLA$c20140101$lBLL01$h0203
=CAT  \\$aWR16_021$c20160706$lBLL01$h1808
=CAT  \\$aBATCH-CLA$b00$c20160707$lBLL01$h0111
=CAT  \\$aBATCH-CLA$b00$c20210328$lBLL01$h1323
=CAT  \\$aIPL-CLA$c20210331$lBLL01$h1900
=CAT  \\$aBATCH-CLA$b00$c20221206$lBLL01$h1749
=CAT  \\$aIPL-CLA$c20221231$lBLL01$h2317
=CAT  \\$aBATCH-CLA$b00$c20230302$lBLL01$h1816
=CFI  0\$aCurrent Copyright Fee: GBP45.00$c0$e09-feb-2023$fGBP45.00$g0$hC$5Uk
=FIN  \\$aY$d20130314
=FMT  \\$a  BK
=LAS  \\$aBATCH-CLA$b00$c20230302$lBLL01$h1816
=TCO  \\$aTRS$bCCC$c008

