=LDR  03256cam a2200769 a 4500
=001  016198655
=003  Uk
=005  20221231231821.0
=008  120210s2011\\\\it\ab\\\\ab\\\001\0\fre\d
=010  \\$a  2011538342
=020  \\$a9782728309221 :$c60.00 EUR
=035  \\$a(ItFiC)it 11420979
=040  \\$aItFiC$cItFiC$dDLC$dUk
=041  0\$afre$bfre
=042  \\$aukblcatcopy
=043  \\$ae------
=050  00$aD286$b.B56 2011
=245  00$a"Blancs" et contre-révolutionnaires en Europe :$bespaces, réseaux, cultures et mémoires (fin XVIIIe-début XXe siècles) : France, Italie, Espagne, Portugal /$cétudes réunies par Bruno Dumons et Hilaire Multon.
=246  14$aBlancs et contre-révolutionnaires
=260  \\$a[Rome, Italy] :$bÉcole française de Rome,$c2011.
=300  \\$a421 p. :$bill. (some col.), maps ;$c24 cm.
=336  \\$atext$2rdacontent
=337  \\$aunmediated$2rdamedia
=338  \\$avolume$2rdacarrier
=490  0\$aCollection de l'École française de Rome,$x0223-5099 ;$v454
=504  \\$aIncludes bibliographical references and index.
=540  \\$aCurrent Copyright Fee: GBP25.00$c0$5Uk
=546  \\$aEssays and abstracts in French.
=651  \0$aEurope$xPolitics and government$y18th century.
=651  \0$aEurope$xPolitics and government$y19th century.
=651  \0$aEurope$xPolitics and government$y20th century.
=700  1\$aDumons, Bruno.
=700  1\$aMulton, Hilaire.
=852  41$aBritish Library$bDSC$j3310.417000
=852  41$aBritish Library$bHMNTS$jAc.5233.a.[....]
=852  41$aBritish Library$bHMNTS
=852  41$aBritish Library$bHMNTS$jAC.5233.a.[454]
=856  41$3Table of contents only$uhttp://www.loc.gov/catdir/toc/casalini09/11420979.pdf
=ACF  \\$aPrevious copyright fee: GBP12.00$c0$e01-jan-2012$fGBP12.00$g0$hA$5Uk
=ACF  \\$aPrevious Copyright Fee: GBP15.00$c0$e01-jan-2017$fGBP15.00$g0$hA$5Uk
=ACF  \\$aPrevious Copyright Fee: GBP20.00$c0$e01-jan-2020$fGBP20.00$g0$hA$5Uk
=CAT  \\$a7233$b40$c20121030$lBLL01$h1036
=CAT  \\$aBATCH-CLA$b00$c20130429$lBLL01$h0155
=CAT  \\$aBATCH-CLA$b00$c20130508$lBLL01$h0738
=CAT  \\$aBATCH-CLA$c20131220$lBLL01$h2118
=CAT  \\$aIPL-CLA$c20140101$lBLL01$h0205
=CAT  \\$aBATCH-CLA$b00$c20161222$lBLL01$h1835
=CAT  \\$aIPL-CLA$c20161231$lBLL01$h0007
=CAT  \\$a9572$b40$c20170925$lBLL01$h1108
=CAT  \\$aBATCH-CLA$b00$c20170926$lBLL01$h0115
=CAT  \\$aBATCH-CLA$b00$c20171222$lBLL01$h2212
=CAT  \\$aIPL-CLA$c20171231$lBLL01$h1816
=CAT  \\$aBATCH-CLA$b00$c20191219$lBLL01$h1758
=CAT  \\$aIPL-CLA$c20191231$lBLL01$h2033
=CAT  \\$aR2001-1524$c20200127$lBLL01$h2058
=CAT  \\$aBATCH-CLA$b00$c20200128$lBLL01$h0448
=CAT  \\$aBATCH-CLA$b00$c20201204$lBLL01$h1609
=CAT  \\$aIPL-CLA$c20201231$lBLL01$h2335
=CAT  \\$aBATCH-CLA$b00$c20221221$lBLL01$h1925
=CAT  \\$aIPL-CLA$c20221231$lBLL01$h2318
=CFI  0\$aCurrent Copyright Fee: GBP25.00$c0$e01-jan-2023$fGBP25.00$g0$hA$5Uk
=CFI  2\$aPrevious Copyright Fee: GBP22.50$c0$e01-jan-2021$fGBP22.50$g0$hA$5Uk
=FIN  \\$aY$d20121030
=FMT  \\$a  BK
=LAS  \\$aIPL-CLA$b00$c20221231$lBLL01$h2318
=SRC  \\$aBLL02
=TCO  \\$aITA$bAIDRO / SIAE$c008

