=LDR  03440cam a2200793 a 4500
=001  016198660
=003  Uk
=005  20221231231821.0
=008  111216s2011\\\\it\ab\\\\ab\\\101\0\fre\d
=010  \\$a  2011437844
=020  \\$a9782728309177 :$c45.00 EUR
=035  \\$a(ItFiC)it 11420960
=040  \\$aItFiC$cItFiC$dDLC$dUk
=041  0\$afre$aita$bfre$bita
=042  \\$aukblcatcopy
=050  00$aBX955.3$b.C66 2008
=111  2\$aColloque "Rome, l'unique objet de mon ressentiment"$d(2008 :$cParis, France)
=245  10$aRome, l'unique objet de mon ressentiment :$bregards critiques sur la papauté /$cétudes réunies par Philippe Levillain.
=260  \\$aRome :$bÉcole française de Rome,$c2011.
=300  \\$a394 p. :$bill. (some col.), maps ;$c24 cm.
=336  \\$atext$2rdacontent
=337  \\$aunmediated$2rdamedia
=338  \\$avolume$2rdacarrier
=490  0\$aCollection de l'École française de Rome ;$v453
=500  \\$aProceedings of the conference held in Paris, France, Oct. 3-4, 2008.
=504  \\$aIncludes bibliographical references and index.
=540  \\$aCurrent Copyright Fee: GBP25.00$c0$5Uk
=546  \\$aContributions and abstracts in French and Italian.
=591  \\$aPapers. Described as proceedings.
=650  \0$aPapacy$xHistory$vCongresses.
=650  \0$aPopes$xTemporal power$xHistory$vCongresses.
=653  1\$aPapauté
=700  1\$aLevillain, Philippe,$d1940-
=852  41$aBritish Library$bDSC$j3310.417000
=852  41$aBritish Library$bHMNTS$jAc.5233.a.[....]
=852  41$aBritish Library$bHMNTS
=852  41$aBritish Library$bHMNTS$jAC.5233.a.[453]
=856  41$3Table of contents only$uhttp://www.loc.gov/catdir/toc/casalini09/11420960.pdf
=945  \\$aCollection de l'École française de Rome ; [no] 453 2011
=ACF  \\$aPrevious copyright fee: GBP12.00$c0$e01-jan-2012$fGBP12.00$g0$hA$5Uk
=ACF  \\$aPrevious Copyright Fee: GBP12.30$c0$e01-jan-2014$fGBP12.30$g0$hA$5Uk
=ACF  \\$aPrevious Copyright Fee: GBP15.00$c0$e01-jan-2017$fGBP15.00$g0$hA$5Uk
=ACF  \\$aPrevious Copyright Fee: GBP20.00$c0$e01-jan-2020$fGBP20.00$g0$hA$5Uk
=CAT  \\$a7233$b40$c20121030$lBLL01$h1045
=CAT  \\$a6933$b40$c20121101$lBLL01$h1415
=CAT  \\$aBATCH-CLA$b00$c20130429$lBLL01$h0155
=CAT  \\$aBATCH-CLA$b00$c20130508$lBLL01$h0738
=CAT  \\$aBATCH-CLA$c20131220$lBLL01$h2118
=CAT  \\$aIPL-CLA$c20140101$lBLL01$h0205
=CAT  \\$aBATCH-CLA$b00$c20161222$lBLL01$h1835
=CAT  \\$aIPL-CLA$c20161231$lBLL01$h0007
=CAT  \\$aBATCH-CLA$b00$c20171222$lBLL01$h2212
=CAT  \\$aIPL-CLA$c20171231$lBLL01$h1816
=CAT  \\$aBATCH-CLA$b00$c20191219$lBLL01$h1758
=CAT  \\$aIPL-CLA$c20191231$lBLL01$h2033
=CAT  \\$aR2001-1524$c20200127$lBLL01$h2058
=CAT  \\$aBATCH-CLA$b00$c20200128$lBLL01$h0448
=CAT  \\$aBATCH-CLA$b00$c20201204$lBLL01$h1609
=CAT  \\$aIPL-CLA$c20201231$lBLL01$h2335
=CAT  \\$aBATCH-CLA$b00$c20221221$lBLL01$h1925
=CAT  \\$aIPL-CLA$c20221231$lBLL01$h2318
=CFI  0\$aCurrent Copyright Fee: GBP25.00$c0$e01-jan-2023$fGBP25.00$g0$hA$5Uk
=CFI  2\$aPrevious Copyright Fee: GBP22.50$c0$e01-jan-2021$fGBP22.50$g0$hA$5Uk
=CNF  \\$aRome, l'unique objet de mon ressentiment (Colloque)$d(2008 Oct :$cParis)
=FIN  \\$aY$d20121030
=FMT  \\$a  BK
=LAS  \\$aIPL-CLA$b00$c20221231$lBLL01$h2318
=SRC  \\$aBLL02
=TCO  \\$aITA$bAIDRO / SIAE$c008

