=LDR  02777cam a2200661 a 4500
=001  013823604
=003  Uk
=005  20230331165119.0
=008  070509s2008\\\\enka\\\\\b\\\\001\0\eng\\
=010  \\$a  2007019518
=015  \\$aGBA766114$2bnb
=016  7\$a013823604$2Uk
=020  \\$a9780415439145 (pbk.) :$c£18.99
=020  \\$a0415439140 (pbk.) :$c£18.99
=020  \\$a9780203008713 (ebk.) :$cNo price
=020  \\$a0203008715 (ebk.) :$cNo price
=040  \\$aStDuBDS$beng$cStDuBDS$dUk
=041  0\$aeng$afin
=042  \\$aukblsr
=050  00$aPH135$b.K35 2008
=082  00$a494.541$222
=100  1\$aKarlsson, Fred.
=245  10$aFinnish :$ban essential grammar /$cFred Karlsson.
=250  \\$a2nd ed.
=260  \\$aLondon :$bRoutledge,$c2008.
=300  \\$axiv, 399 p. :$bill. ;$c24 cm.
=336  \\$atext$2rdacontent
=337  \\$aunmediated$2rdamedia
=338  \\$avolume$2rdacarrier
=490  1\$aRoutledge essential grammars
=500  \\$aFormerly CIP.$5Uk
=500  \\$a"...a modified version of ... Finnish Grammar published by WSOY in Helsinki in 1983. The second edition ... went out of print in 1995. Finnish Grammar was a translation (by Andrew Chesterman) of the Finnish book Suomen peruskielioppi published in 1982. The original Swedish edition Finsk grammatik appeared in 1978 (and was translated by [the author] into Finnish) ... published by the Finnish Literature Society (Suomalaisen Kirjallisuuden Seura), Helsinki."--Pref.
=504  \\$aIncludes bibliographical references and index.
=540  \\$aCurrent Copyright Fee: GBP34.00$c0$5Uk
=546  \\$aEnglish and Finnish.
=650  \0$aFinnish language$xGrammar.
=650  \0$aFinnish language$vTextbooks for foreign speakers$xEnglish.
=700  1\$aChesterman, Andrew.
=830  \0$aEssential grammar.
=852  41$aBritish Library$bHMNTS$jYK.2008.a.4914
=852  \\$aBritish Library$bDSC
=856  41$3Table of contents only$uhttp://www.loc.gov/catdir/toc/ecip0717/2007019518.html
=BUF  \\$aN$d20080313
=CAT  \\$aBATCH-CIP$b00$c20070821$lBLL01$h1701
=CAT  \\$aBATCH$b00$c20070821$lBLL01$h1702
=CAT  \\$aBATCH$b00$c20070821$lBLL01$h1709
=CAT  \\$a12664$b40$c20080313$lBLL01$h1035
=CAT  \\$aBATCH-BUOC$b00$c20080703$lBLL01$h2151
=CAT  \\$aWR16_021$c20160618$lBLL01$h1804
=CAT  \\$aBATCH-CLAB$c20220330$lBLL01$h1632
=CAT  \\$aIPL-CLA$c20220331$lBLL01$h2245
=CAT  \\$aBATCH-CLAB$c20230324$lBLL01$h1333
=CAT  \\$aIPL-CLA$c20230331$lBLL01$h1651
=CFI  0\$aCurrent Copyright Fee: GBP34.00$c0$e01-apr-2023$fGBP34.00$g0$hC$5Uk
=CFI  2\$aPrevious Copyright Fee: GBP28.00$c0$e01-apr-2022$fGBP28.00$g0$hC$5Uk
=FIN  \\$aY$d20080313
=FMT  \\$a  BK
=LAS  \\$aIPL-CLA$b00$c20230331$lBLL01$h1651

