=LDR  02543cam a2200649 a 4500
=001  013888565
=003  Uk
=005  20220331224737.0
=008  070510s2008\\\\njua\\\\\b\\\\001\0\eng\\
=010  \\$a  2007019891
=015  \\$aGBA772853$2bnb
=016  7\$a013888565$2Uk
=020  \\$a9780471653974 (hbk.) :$c£63.95
=020  \\$a0471653977 (hbk.) :$c£63.95
=040  \\$aStDuBDS$beng$cStDuBDS$dUk
=042  \\$aukblsr
=050  00$aQA280$b.M662 2008
=082  00$a519.55$222
=100  1\$aMontgomery, Douglas C.
=245  10$aIntroduction to time series analysis and forecasting /$cDouglas C. Montgomery, Cheryl L. Jennings, Murat Kulahci.
=260  \\$aHoboken, N.J. :$bWiley ;$aChichester :$bJohn Wiley [distributor],$c2008.
=300  \\$axi, 445 p. :$bill. ;$c25 cm.
=336  \\$atext$2rdacontent
=337  \\$aunmediated$2rdamedia
=338  \\$avolume$2rdacarrier
=490  1\$aWiley series in probability and statistics
=500  \\$aFormerly CIP.$5Uk
=504  \\$aIncludes bibliographical references (p. 437-441) and index.
=540  \\$aCurrent Copyright Fee: GBP32.00$c0$5Uk
=650  \0$aTime-series analysis.
=650  \0$aForecasting.
=700  1\$aJennings, Cheryl L.
=700  1\$aKulahci, Murat.
=830  \0$aWiley series in probability and statistics.
=852  11$aBritish Library$bSTI
=852  41$aBritish Library$bDSC$jm08/.27490
=856  41$3Table of contents only$uhttp://www.loc.gov/catdir/toc/ecip0717/2007019891.html
=856  42$3Publisher description$uhttp://www.loc.gov/catdir/enhancements/fy0740/2007019891-d.html
=856  42$3Contributor biographical information$uhttp://www.loc.gov/catdir/enhancements/fy0806/2007019891-b.html
=BUF  \\$aN$d20080417
=CAT  \\$aBATCH-CIP$b00$c20070911$lBLL01$h1702
=CAT  \\$aBATCH$b00$c20070911$lBLL01$h1704
=CAT  \\$aBATCH$b00$c20070911$lBLL01$h1710
=CAT  \\$a10876$b40$c20080417$lBLL01$h0931
=CAT  \\$aBATCH-BUOC$b00$c20080619$lBLL01$h2146
=CAT  \\$aBATCH$b00$c20080806$lBLL01$h0923
=CAT  \\$aBATCH$b00$c20080806$lBLL01$h0929
=CAT  \\$aBATCH$b00$c20091217$lBLL01$h0506
=CAT  \\$aBATCH$b00$c20100103$lBLL01$h1259
=CAT  \\$aWR16_021$c20160618$lBLL01$h1808
=CAT  \\$aBATCH-UPD$b00$c20160618$lBLL01$h1847
=CAT  \\$aBATCH-CLAB$c20220330$lBLL01$h1715
=CAT  \\$aIPL-CLA$c20220331$lBLL01$h2247
=CFI  0\$aCurrent Copyright Fee: GBP32.00$c0$e01-apr-2022$fGBP32.00$g0$hC$5Uk
=FIN  \\$aY$d20080417
=FMT  \\$a  BK
=LAS  \\$aIPL-CLA$b00$c20220331$lBLL01$h2247

