=LDR  02415aam a2200589 a 4500
=001  014051688
=003  Uk
=005  20080410214602.0
=008  070807s2008\\\\mnuabf\\\b\\\\001\0deng\\
=010  \\$a  2007032726
=015  \\$aGBA779307$2bnb
=016  7\$a014051688$2Uk
=020  \\$a9780873516006 (hbk.) :$c£26.99
=020  \\$a0873516001 (hbk.) :$c£26.99
=040  \\$aStDuBDS$beng$cStDuBDS$dUk
=042  \\$aukblsr
=043  \\$an-us-mn$an-us---
=050  00$aE601$b.B79 2008
=082  00$a973.78$222
=100  1\$aBowler, James Madison,$d1838?-1916.
=245  10$aGo if you think it your duty :$ba Minnesota couple's Civil War letters /$c[edited by] Andrea R. Foroughi.
=260  \\$aSt Paul, Minn. :$bMinnesota Historical Press ;$aLancaster :$bGazelle Drake Academic [distributor],$c2008.
=300  \\$ax, 336 p., [6] p. of plates :$bill., map ;$c24 cm.
=336  \\$atext$2rdacontent
=337  \\$aunmediated$2rdamedia
=338  \\$avolume$2rdacarrier
=500  \\$aFormerly CIP.$5Uk
=500  \\$aLetters between James Madison Bowler and Elizabeth Caleff Bowler.
=504  \\$aIncludes bibliographical references (p. 317-324) and index.
=600  10$aBowler, James Madison,$d1838?-1916$vCorrespondence.
=600  10$aBowler, Elizabeth Caleff,$d1841?-1931$vCorrespondence.
=610  10$aUnited States.$bArmy.$bMinnesota Infantry Regiment, 3rd (1861-1865)
=651  \0$aUnited States$xHistory$yCivil War, 1861-1865$vPersonal narratives.
=651  \0$aMinnesota$xHistory$yCivil War, 1861-1865$vPersonal narratives.
=651  \0$aNininger (Minn.)$vBiography.
=651  \0$aNininger (Minn.)$xSocial conditions$y19th century.
=700  1\$aBowler, Elizabeth Caleff,$d1841?-1931.
=700  1\$aForoughi, Andrea R.,$d1967-
=710  2\$aMinnesota Historical Society.
=852  41$aBritish Library$bHMNTS$jYC.2008.a.6003
=852  41$aBritish Library$bHMNTS
=856  42$3Publisher description$uhttp://www.loc.gov/catdir/enhancements/fy0743/2007032726-d.html
=BUF  \\$aN$d20080402
=CAT  \\$aBATCH-CIP$b00$c20071002$lBLL01$h1702
=CAT  \\$aBATCH$b00$c20071002$lBLL01$h1703
=CAT  \\$aBATCH$b00$c20071002$lBLL01$h1710
=CAT  \\$a11002$b40$c20080402$lBLL01$h0809
=CAT  \\$aBATCH-BUOC$b00$c20080410$lBLL01$h2146
=CAT  \\$aWR16_021$c20160618$lBLL01$h1812
=FIN  \\$aY$d20080402
=FMT  \\$a  BK
=LAS  \\$aWR16_021$b00$c20160618$lBLL01$h1812

