=LDR  02779 am a2200685 a 4500
=001  014058010
=003  Uk
=005  20160614131118.0
=008  070904s2008\\\\caua\\\\\b\\\\001\0\eng\\
=010  \\$a2007035758  
=015  \\$aGBA782452$2bnb
=016  7\$a014058010$2Uk
=020  \\$a9780787987183 (hbk.) :$c£19.99
=020  \\$a0787987182 (hbk.) :$c£19.99
=035  \\$a(OCoLC)ocn168719304
=040  \\$aDLC$cDLC$dBAKER$dBTCTA$dUKM$dYDXCP$dC#P$dBWX$dDLC$dUk
=042  \\$aukblcatcopy
=050  00$aHD69.P75$bP496 2008
=082  04$a658.4040723$222
=100  1\$aPhillips, Patricia Pulliam.
=245  10$aData collection :$bplanning for and collecting all types of data /$cPatricia Pulliam Phillips, Cathy A. Stawarski.
=260  \\$aSan Francisco, Calif. :$bPfeiffer,$c2008.
=300  \\$axxv, 155 p. ;$c23 cm.
=336  \\$atext$2rdacontent
=337  \\$aunmediated$2rdamedia
=338  \\$avolume$2rdacarrier
=490  1\$aThe measurement and evaluation series ;$v2
=490  1\$aPfeiffer essential resources for training and HR professionals
=500  \\$a"An essential knowledge resource"--P. [4] of cover.
=504  \\$aIncludes bibliographical references and index.
=650  \0$aProject management$xEvaluation.
=650  \0$aRate of return.
=650  \0$aEmployees$xRating of.
=650  \0$aOrganizational learning$xEvaluation.
=650  \0$aSocial sciences$xResearch$xMethodology.
=690  7\$aManagement and Business Studies$2blcoll
=700  1\$aStawarski, Cathy A.
=830  \0$aMeasurement and evaluation series ;$v2.
=830  \0$aPfeiffer essential resources for training and HR professionals.
=852  41$aBritish Library$bHMNTS
=852  41$aBritish Library$bHMNTS$jYC.2009.a.3710
=856  42$3Publisher description$uhttp://www.loc.gov/catdir/enhancements/fy0743/2007035758-d.html
=856  41$3Table of contents only$uhttp://www.loc.gov/catdir/enhancements/fy0743/2007035758-t.html
=856  42$3Contributor biographical information$uhttp://www.loc.gov/catdir/enhancements/fy0806/2007035758-b.html
=BUF  \\$aN3$d20090415
=CAT  \\$aBATCH-CIP$b00$c20071009$lBLL01$h1703
=CAT  \\$aBATCH$b00$c20071009$lBLL01$h1704
=CAT  \\$aBATCH$b00$c20071009$lBLL01$h1711
=CAT  \\$aBATCH$b00$c20090110$lBLL01$h1751
=CAT  \\$a9678$b40$c20090415$lBLL01$h1400
=CAT  \\$aBATCH-BUOC$b00$c20100506$lBLL01$h2127
=CAT  \\$aBATCH$b00$c20100506$lBLL01$h2128
=CAT  \\$aBATCH-UPD$b00$c20100506$lBLL01$h2210
=CAT  \\$aBATCH690$c20100715$lBLL01$h2105
=CAT  \\$aBATCH-MBS$c20100716$lBLL01$h2049
=CAT  \\$aBATCH-UPD$b00$c20160605$lBLL01$h0155
=CAT  \\$a11249$b40$c20160614$lBLL01$h1311
=FIN  \\$aY$d20090415
=FMT  \\$a  BK
=LAS  \\$a11249$b40$c20160614$lBLL01$h1311

