=LDR  01819 am a2200505 a 4500
=001  014456704
=003  Uk
=005  20080807214434.0
=008  061229s2007\\\\txu\\\\\\b\\\s001\0\eng\\
=010  \\$a  2006103020
=020  \\$a9780896726093 (hardcover : alk. paper)
=020  \\$a0896726096 (hardcover : alk. paper)
=035  \\$a(OCoLC)ocm77708572
=035  \\$a(OCoLC)77708572
=040  \\$aDLC$cDLC$dBTCTA$dBAKER$dC#P$dYDXCP$dIXA$dDLC$dUk
=042  \\$aukblsr
=043  \\$an-us-tx
=050  00$aE185.93.T4$bA38 2007
=082  00$a976.400496073$222
=245  04$aThe African American experience in Texas :$ban anthology /$cedited by Bruce A. Glasrud and James M. Smallwood.
=260  \\$aLubbock, Tex. :$bTexas Tech University Press,$cc2007.
=300  \\$axviii, 404 p. ;$c23 cm.
=336  \\$atext$2rdacontent
=337  \\$aunmediated$2rdamedia
=338  \\$avolume$2rdacarrier
=504  \\$aIncludes bibliographical references (p. [353]-376) and index.
=650  \0$aAfrican Americans$zTexas$xHistory.
=650  \0$aAfrican Americans$zTexas$xSocial conditions.
=650  \0$aAfrican Americans$xCivil rights$zTexas$xHistory.
=651  \0$aTexas$xRace relations.
=651  \0$aTexas$xHistory$y19th century.
=651  \0$aTexas$xHistory$y20th century.
=700  1\$aGlasrud, Bruce A.
=700  1\$aSmallwood, James.
=852  41$aBritish Library$bHMNTS$jYD.2008.a.1217
=852  \\$aBritish Library$bDSC
=856  41$3Table of contents only$uhttp://www.loc.gov/catdir/toc/ecip077/2006103020.html
=BUF  \\$aN2$d20080204
=CAT  \\$a11409$b40$c20071126$lBLL01$h1056
=CAT  \\$a12666$b40$c20080204$lBLL01$h1458
=CAT  \\$aBATCH-BUOC$b00$c20080807$lBLL01$h2144
=FIN  \\$aY$d20080204
=FMT  \\$a  BK
=LAS  \\$aBATCH-BUOC$b00$c20080807$lBLL01$h2144
=SRC  \\$aBLL02

