=LDR  01978pam a2200553 a 4500
=001  014525845
=003  Uk
=005  20160116073026.0
=008  071025s2008\\\\caua\\\\\b\\\\001\0\eng\\
=010  \\$a  2007044429
=015  \\$aGBA821070$2bnb
=016  7\$a014525845$2Uk
=020  \\$a9781412952859 (hbk.) :$c£38.00
=020  \\$a1412952859 (hbk.) :$c£38.00
=020  \\$a9781412952866 (pbk.) :$c£17.99
=020  \\$a1412952867 (pbk.) :$c£17.99
=035  \\$a(OCoLC)ocn176927364
=040  \\$aStDuBDS$beng$cStDuBDS$dUk
=042  \\$aukblcatcopy
=050  00$aLB1573$b.S887 2008
=082  00$a372.4$222
=245  00$aStrategies and lessons for improving basic early literacy skills /$cBob Algozzine ... [et al.].
=260  \\$aThousand Oaks, CA :$bCorwin Press,$cc2008.
=300  \\$axii, 218 p. :$bill. ;$c28 cm.
=336  \\$atext$2rdacontent
=337  \\$aunmediated$2rdamedia
=338  \\$avolume$2rdacarrier
=500  \\$aFormerly CIP.$5Uk
=504  \\$aIncludes bibliographical references (p. 201-203) and index.
=650  \0$aReading (Elementary)
=650  \0$aLearning strategies.
=650  \0$aReading$xRemedial teaching.
=700  1\$aAlgozzine, Robert.
=852  \\$aBritish Library$bDSC
=852  41$aBritish Library$bHMNTS$jYKL.2016.b.355
=856  41$3Table of contents only$uhttp://www.loc.gov/catdir/toc/ecip083/2007044429.html
=985  \\$aPotential duplicate - ISBN matched when loading CiP record - no Legal Deposit order cr
=CAT  \\$aBATCH-CIP$b00$c20080219$lBLL01$h1703
=CAT  \\$aBATCH$b00$c20080219$lBLL01$h1705
=CAT  \\$aBATCH$b00$c20080219$lBLL01$h1711
=CAT  \\$a8178$b40$c20081027$lBLL01$h1553
=CAT  \\$a10812$b40$c20081027$lBLL01$h1600
=CAT  \\$a9657$b40$c20160116$lBLL01$h0730
=CAT  \\$aBATCH$b00$c20160608$lBLL01$h1616
=CAT  \\$aWR16_021$c20160608$lBLL01$h1713
=FIN  \\$aY$d20160116
=FMT  \\$a  BK
=LAS  \\$aWR16_021$b00$c20160608$lBLL01$h1713
=SRC  \\$aBLL02

