=LDR  02042cam a2200529 a 4500
=001  014563711
=003  Uk
=005  20220331225606.0
=008  080206s2008\\\\enka\\\\\b\\\\001\0\eng\c
=010  \\$a  2008270563
=015  \\$aGBA847272$2bnb
=016  7\$a014563711$2Uk
=020  \\$a9780521895842 (hbk.) :$cNo price
=020  \\$a0521895847 (hbk.) :$cNo price
=035  \\$a(OCoLC)ocn181141300
=040  \\$aBTCTA$cBTCTA$dBAKER$dYDXCP$dCOD$dDLC$dUk
=042  \\$aukblcatcopy
=050  00$aTK5105.78$b.E445 2008
=082  00$a004.68$222
=245  00$aEmerging technologies in wireless LANs :$btheory, design, and deployment /$cedited by Benny Bing.
=260  \\$aCambridge ;$aNew York :$bCambridge University Press,$c2008.
=300  \\$axlii, 853 p. :$bill. ;$c27 cm.
=336  \\$atext$2rdacontent
=337  \\$aunmediated$2rdamedia
=338  \\$avolume$2rdacarrier
=504  \\$aIncludes bibliographical references and index.
=540  \\$aCurrent Copyright Fee: GBP25.00$c0$5Uk
=650  \0$aWireless LANs.
=700  1\$aBing, Benny.
=852  \\$aBritish Library$bSTI
=852  41$aBritish Library$bDSC$jm08/.18687
=856  42$3Contributor biographical information$uhttp://www.loc.gov/catdir/enhancements/fy0811/2008270563-b.html
=856  42$3Publisher description$uhttp://www.loc.gov/catdir/enhancements/fy0811/2008270563-d.html
=856  41$3Table of contents only$uhttp://www.loc.gov/catdir/enhancements/fy0811/2008270563-t.html
=CAT  \\$a12271$b40$c20080314$lBLL01$h0853
=CAT  \\$a12271$b40$c20080314$lBLL01$h0855
=CAT  \\$a5375$b40$c20080318$lBLL01$h1448
=CAT  \\$aBATCH$b00$c20080319$lBLL01$h0913
=CAT  \\$aBATCH$b00$c20080319$lBLL01$h0917
=CAT  \\$aWR16_021$c20160619$lBLL01$h1808
=CAT  \\$aBATCH-CLAB$c20220330$lBLL01$h1707
=CAT  \\$aIPL-CLA$c20220331$lBLL01$h2256
=CFI  0\$aCurrent Copyright Fee: GBP25.00$c0$e01-apr-2022$fGBP25.00$g0$hC$5Uk
=FIN  \\$aY$d20080318
=FMT  \\$a  BK
=LAS  \\$aIPL-CLA$b00$c20220331$lBLL01$h2256
=SRC  \\$aBLL02

