=LDR  02262aam a2200589 a 4500
=001  014567838
=003  Uk
=005  20090618221755.0
=008  070710s2008\\\\nyuab\\\\b\\\\001\0\eng\\
=010  \\$a2007028556  
=015  \\$aGBA848977$2bnb
=016  7\$a014567838$2Uk
=020  \\$a9781579653019 (hbk.) :$c£30.00
=020  \\$a1579653014 (hbk.) :$c£30.00
=040  \\$aStDuBDS$beng$cStDuBDS$dUk
=042  \\$aukblsr
=043  \\$aa-cc-ti$aa-cc-yu$aa-cc-su
=050  00$aTX724.5.T55$bA44 2008
=082  00$a641.59515$222
=100  1\$aAlford, Jeffrey.
=245  10$aBeyond the Great Wall :$brecipes and travels in the other China /$cJeffrey Alford and Naomi Duguid ; studio photographs by Richard Jung ; location photographs by Jeffrey Alford and Naomi Duguid.
=260  \\$aNew York :$bArtisan ;$aGodalming :$bMelia [distributor],$c2008.
=300  \\$a376 p. :$bcol. ill., col. maps ;$c26 x 29 cm.
=336  \\$atext$2rdacontent
=337  \\$aunmediated$2rdamedia
=338  \\$avolume$2rdacarrier
=500  \\$aFormerly CIP.$5Uk
=504  \\$aIncludes bibliographical references (p. 362-363) and index.
=650  \0$aCooking, Tibetan.
=650  \0$aCooking, Chinese$xYunnan style.
=651  \0$aTibet (China)$xDescription and travel.
=651  \0$aYunnan Sheng (China)$xDescription and travel.
=651  \0$aSilk Road$xDescription and travel.
=700  1\$aDuguid, Naomi.
=852  41$aBritish Library$bHMNTS$jLC.31.a.6862
=852  41$aBritish Library$bHMNTS
=856  42$3Publisher description$uhttp://www.loc.gov/catdir/enhancements/fy0908/2007028556-d.html
=BUF  \\$aN$d20090616
=CAT  \\$aBATCH-CIP$b00$c20080318$lBLL01$h1704
=CAT  \\$aBATCH$b00$c20080318$lBLL01$h1706
=CAT  \\$aBATCH$b00$c20080318$lBLL01$h1715
=CAT  \\$a6923$b40$c20090616$lBLL01$h1255
=CAT  \\$aBATCH-BUOC$b00$c20090618$lBLL01$h2217
=CAT  \\$aBATCH$b00$c20090618$lBLL01$h2217
=CAT  \\$a9081$b40$c20110629$lBLL01$h1514
=CAT  \\$a9081$b40$c20110712$lBLL01$h1128
=CAT  \\$aWR16_021$c20160619$lBLL01$h1809
=CAT  \\$aBATCH-UPD$b00$c20160619$lBLL01$h1922
=CAT  \\$aBATCH-UPD$b00$c20210904$lBLL01$h1746
=FIN  \\$aY$d20090616
=FMT  \\$a  BK
=LAS  \\$aBATCH-UPD$b00$c20210904$lBLL01$h1746

