=LDR  02399pam a2200625 a 4500
=001  014595567
=003  Uk
=005  20120810093304.0
=008  070406s2007\\\\nyuab\\\\b\\\\001\0\eng\\
=010  \\$a  2007014738
=015  \\$aGBA858824$2bnb
=016  7\$a014595567$2Uk
=020  \\$a9780230602182 (hbk.) :$c£42.50
=020  \\$a0230602185 (hbk.) :$c£42.50
=035  \\$a(OCoLC)123029645
=040  \\$aStDuBDS$beng$cStDuBDS$dUk
=042  \\$aukblcatcopy
=043  \\$af-bs---$af------
=050  00$aUA869.B68$bH46 2007
=082  04$a363.7056096883$222
=100  10$aHenk, Dan.
=245  14$aThe Botswana Defence Force in the struggle for an African environment /$cDan Henk.
=250  \\$a1st ed.
=260  \\$aNew York :$bPalgrave Macmillan,$c2007.
=300  \\$axi, 219 p. :$bill., maps ;$c22 cm.
=336  \\$atext$2rdacontent
=337  \\$aunmediated$2rdamedia
=338  \\$avolume$2rdacarrier
=490  1\$aInitiatives in strategic studies--issues and policies
=500  \\$aFormerly CIP.$5Uk
=504  \\$aIncludes bibliographical references (p. [153]-219) and index.
=610  10$aBotswana.$bDefence Force$xHistory.
=650  \0$aPoaching$zBotswana$xPrevention.
=650  \0$aWildlife conservation$zBotswana.
=650  \0$aNational security$xEnvironmental aspects$zAfrica.
=830  \0$aInitiatives in strategic studies--issues and policies.
=852  41$aBritish Library$bHMNTS$jYC.2011.a.12114
=852  41$aBritish Library$bDSC
=856  42$3Contributor biographical information$uhttp://www.loc.gov/catdir/enhancements/fy0714/2007014738-b.html
=856  42$3Publisher description$uhttp://www.loc.gov/catdir/enhancements/fy0714/2007014738-d.html
=856  41$3Table of contents only$uhttp://www.loc.gov/catdir/enhancements/fy0714/2007014738-t.html
=CAT  \\$aBATCH-CIP$b00$c20080422$lBLL01$h1702
=CAT  \\$aBATCH$b00$c20080422$lBLL01$h1704
=CAT  \\$aBATCH$b00$c20080422$lBLL01$h1710
=CAT  \\$aBATCH$b00$c20080806$lBLL01$h0923
=CAT  \\$aBATCH$b00$c20080806$lBLL01$h0929
=CAT  \\$aBATCH$b00$c20090110$lBLL01$h1759
=CAT  \\$a6524$b40$c20110913$lBLL01$h1741
=CAT  \\$a6632$b40$c20120810$lBLL01$h0933
=CAT  \\$aBATCH-UPD$b40$c20151014$lBLL01$h1627
=CAT  \\$aWR16_021$c20160620$lBLL01$h1806
=FIN  \\$aY$d20110913
=FMT  \\$a  BK
=LAS  \\$aWR16_021$b00$c20160620$lBLL01$h1806
=SRC  \\$aBLL02

