=LDR  01444cam a2200445 a 4500
=001  014619313
=003  Uk
=005  20110203090751.0
=008  040810s2004\\\\sa\\\\\\\\\\\\000\1\eng\d
=010  \\$a2004418604
=016  7\$a014619313$2Uk
=020  \\$a0795701810 (pbk.)
=035  \\$a(OCoLC)ocm55586617
=040  \\$aOG$cOG$dDLC$dUk
=042  \\$aukblderived
=043  \\$af-sa---
=050  00$aPR9369.4.W38$bM67 2004
=082  00$a823.92$222
=100  1\$aWatson, Mary,$d1975-
=245  10$aMoss /$cMary Watson.
=250  \\$a1st ed.
=260  \\$aCape Town :$bKwela Books,$cc2004.
=300  \\$a151 p. ;$c22 cm.
=336  \\$atext$2rdacontent
=337  \\$aunmediated$2rdamedia
=338  \\$avolume$2rdacarrier
=651  \0$aSouth Africa$xSocial life and customs$vFiction.
=852  \\$aBritish Library$bHMNTS
=852  41$aBritish Library$bOC$jYD.2008.a.5072
=856  42$3Contributor biographical information$uhttp://www.loc.gov/catdir/bios/ipg051/2004418604.html
=856  42$3Publisher description$uhttp://www.loc.gov/catdir/enhancements/fy0621/2004418604-d.html
=CAT  \\$a6191$b40$c20080519$lBLL01$h0913
=CAT  \\$a11002$b40$c20080523$lBLL01$h1130
=CAT  \\$a5100$b40$c20110203$lBLL01$h0907
=CAT  \\$aWR16_021$c20160620$lBLL01$h1811
=CAT  \\$aW2308-1659$c20230923$lBLL01$h1123
=FIN  \\$aY$d20080523
=FMT  \\$a  BK
=LAS  \\$aW2308-1659$b00$c20230923$lBLL01$h1123
=SID  \\$aZ39$bLOC

