=LDR  01459 am a2200433 a 4500
=001  014619316
=003  Uk
=005  20080605214532.0
=008  040810s2004\\\\sa\\\\\\\b\\\\000\p\eng\d
=010  \\$a  2004418608
=016  7\$a014619316$2Uk
=020  \\$a0795701829 (pbk.)
=035  \\$a(OCoLC)ocm55207129
=040  \\$aOI@$cOI@$dDLC$dUk
=042  \\$aukblcatcopy
=050  00$aPR9369.3.K4$bT48 2004
=082  00$a821.914$222
=100  1\$aKgositsile, Keorapetse.
=245  10$aThis way I salute you :$bselected poems /$cKeorapetse Kgosisile.
=250  \\$a1st ed.
=260  \\$aCape Town :$bKwela in association with Snailpress,$c2004.
=300  \\$a63 p. ;$c22 cm.
=336  \\$atext$2rdacontent
=337  \\$aunmediated$2rdamedia
=338  \\$avolume$2rdacarrier
=504  \\$a"List of publications": p. 62.
=852  41$aBritish Library$bOC$jYD.2008.a.5216
=852  \\$aBritish Library$bHMNTS
=856  42$3Contributor biographical information$uhttp://www.loc.gov/catdir/bios/ipg051/2004418608.html
=856  42$3Publisher description$uhttp://www.loc.gov/catdir/enhancements/fy0621/2004418608-d.html
=BUF  \\$aN2$d20080603
=CAT  \\$a6191$b40$c20080519$lBLL01$h0923
=CAT  \\$a5703$b40$c20080603$lBLL01$h1152
=CAT  \\$aBATCH-BUOC$b00$c20080605$lBLL01$h2145
=CAT  \\$aWR16_021$c20160620$lBLL01$h1811
=FIN  \\$aY$d20080603
=FMT  \\$a  BK
=LAS  \\$aWR16_021$b00$c20160620$lBLL01$h1811
=SID  \\$aZ39$bLOC

