=LDR  02326 am a2200541 a 4500
=001  014635752
=003  Uk
=005  20080710214657.0
=008  071113s2008\\\\nyua\\\\\\\\\\000\0beng\\
=010  \\$a  2007046662
=020  \\$a9780374281359 (hardcover : alk. paper)
=020  \\$a0374281351 (hardcover : alk. paper)
=035  \\$a(OCoLC)ocn181335890
=035  \\$a(OCoLC)181335890$z(OCoLC)166390154
=040  \\$aDLC$cDLC$dBTCTA$dBAKER$dYDXCP$dC#P$dVP@$dDLC$dUk
=041  1\$aeng$hrus
=042  \\$aukblcatcopy
=043  \\$ae-ru---
=050  00$aPG3476.M312$bN54 2008
=082  00$a891.7142$222
=245  00$aNight wraps the sky :$bwritings by and about Mayakovsky /$cedited by Michael Almereyda.
=250  \\$a1st ed.
=260  \\$aNew York :$bFarrar, Straus and Giroux,$c2008.
=300  \\$axxvii, 272 p. :$bill., ports. ;$c22 cm.
=336  \\$atext$2rdacontent
=337  \\$aunmediated$2rdamedia
=338  \\$avolume$2rdacarrier
=500  \\$a"A compendium of all things Mayakovsky: new translations of his poems and essays, eyewitness accounts, photographs, and artwork from his circle. A reconsideration of the poet for the post-Soviet world."
=505  0\$aOverview -- Wake up comrade (1893-1912) -- Soul on a platter (1913-16) -- An extraordinary adventure (1917-26) -- Night wraps the sky (1927-30).
=600  10$aMayakovsky, Vladimir,$d1893-1930$vTranslations into English.
=600  10$aMayakovsky, Vladimir,$d1893-1930.
=650  \0$aPoets, Russian$y20th century$vBiography.
=700  1\$aAlmereyda, Michael.
=700  12$aMayakovsky, Vladimir,$d1893-1930.$tWorks.$kSelections.$lEnglish.$f2008.
=852  41$aBritish Library$bHMNTS
=852  41$aBritish Library$bDSC$jm08/.24964
=856  42$3Contributor biographical information$uhttp://www.loc.gov/catdir/enhancements/fy0805/2007046662-b.html
=856  42$3Publisher description$uhttp://www.loc.gov/catdir/enhancements/fy0805/2007046662-d.html
=985  \\$aRecord amended for WR# 13/070
=BUF  \\$aN2$d20080708
=CAT  \\$a6191$b40$c20080605$lBLL01$h1107
=CAT  \\$a12630$b40$c20080708$lBLL01$h1521
=CAT  \\$aBATCH-BUOC$b00$c20080710$lBLL01$h2146
=CAT  \\$aWR13_070$b00$c20130504$lBLL01$h0303
=FIN  \\$aY$d20080708
=FMT  \\$a  BK
=LAS  \\$aWR13_070$b00$c20130504$lBLL01$h0303
=SRC  \\$aBLL02

