=LDR  02243pam a2200613 a 4500
=001  014656791
=003  Uk
=005  20090325120519.0
=008  080407s2009\\\\paua\\\\\bf\\\001\0\eng\\
=010  \\$a  2008016024
=015  \\$aGBA883101$2bnb
=016  \\$a101470901
=016  7\$a014656791$2Uk
=020  \\$a9780781795302 (pbk.) :$cNo price
=020  \\$a0781795303 (pbk.) :$cNo price
=035  \\$a(OCoLC)222134805$z(OCoLC)216940472
=035  \\$a(OCoLC)ocn222134805
=040  \\$aStDuBDS$beng$cStDuBDS$dUk
=042  \\$aukblcatcopy
=050  00$aRC903$b.H357 2009
=060  00$a2008 L-626
=060  10$aWJ 39$bH23567 2009
=082  00$a616.61$222
=245  00$aHandbook of nephrology & hypertension /$ceditors, Christopher S. Wilcox, C. Craig Tisher.
=246  3\$aHandbook of nephrology and hypertension
=250  \\$a6th ed.
=260  \\$aPhiladelphia, Pa. ;$aLondon :$bLippincott Williams & Wilkins,$cc2009.
=300  \\$axv, 384 p. :$bill. ;$c21 cm.
=336  \\$atext$2rdacontent
=337  \\$aunmediated$2rdamedia
=338  \\$avolume$2rdacarrier
=500  \\$aRev. ed. of: Handbook of nephrology & hypertenion / editors, Christopher S. Wilcox, C. Craig Tisher. 5th ed. c2005.
=500  \\$aFormerly CIP.$5Uk
=504  \\$aIncludes bibliographical references and index.
=650  \0$aNephrology$vHandbooks, manuals, etc.
=650  \0$aKidneys$xDiseases$vHandbooks, manuals, etc.
=650  \0$aHypertension$vHandbooks, manuals, etc.
=650  12$aKidney Diseases$vHandbooks.
=650  22$aHypertension, Renal$vHandbooks.
=700  1\$aWilcox, Christopher S.
=700  1\$aTisher, C. Craig,$d1936-
=852  41$aBritish Library$bHMNTS$jYK.2009.a.10118
=852  \\$aBritish Library$bHMNTS
=856  42$3Publisher description$uhttp://www.loc.gov/catdir/enhancements/fy0829/2008016024-d.html
=CAT  \\$aBATCH-CIP$b00$c20080701$lBLL01$h1702
=CAT  \\$aBATCH$b00$c20080701$lBLL01$h1704
=CAT  \\$aBATCH$b00$c20080701$lBLL01$h1711
=CAT  \\$a10876$b40$c20090323$lBLL01$h1054
=CAT  \\$a12666$b40$c20090325$lBLL01$h1205
=CAT  \\$aBATCH$b00$c20160608$lBLL01$h1616
=FIN  \\$aY$d20090325
=FMT  \\$a  BK
=LAS  \\$aBATCH$b00$c20160608$lBLL01$h1616
=SRC  \\$aBLL02

