=LDR  04119cam a2200901 a 4500
=001  014681108
=003  Uk
=005  20230302180822.0
=008  080701s2008\\\\ne\a\\\\\b\\\\001\0\eng\\
=010  \\$a  2008028984
=015  \\$aGBA894625$2bnb
=016  7\$a014681108$2Uk
=016  \\$aB0812585
=020  \\$a9789004171312 (pbk. : alk. paper)
=020  \\$a9004171312 (pbk. : alk. paper)
=035  \\$a(OCoLC)ocn233485210
=040  \\$aStDuBDS$beng$cStDuBDS$dUk
=042  \\$aukblcatcopy
=043  \\$aa-si---
=050  00$aHV6626.23.S56$bN37 2008
=082  00$a363.2/32$222
=100  1\$aNarayanan, Ganapathy.
=245  10$aPolicing marital violence in Singapore /$cby Narayanan Ganapathy.
=260  \\$aLeiden ;$aBoston :$bBrill,$c2008.
=300  \\$aviii, 189 p. :$bill. ;$c24 cm.
=336  \\$atext$2rdacontent
=337  \\$aunmediated$2rdamedia
=338  \\$avolume$2rdacarrier
=490  1\$aSocial sciences in Asia,$x1567-2794 ;$vv. 22
=500  \\$aFormerly CIP.$5Uk
=504  \\$aIncludes bibliographical references (p. [173]-181) and index.
=505  0\$aIntroduction: The problem of policing marital violence -- Policing marital violence : an historical and analytical review -- Reconceptualising the problem of policing marital violence : police culture revisited -- Biography and method -- Reforming the policing of marital violence : missing the mark? -- The operational policing of marital violence : a view from the street -- Between the devil and the deep-blue sea : victims' experiences of policing in marital violence -- Conclusion: Rethinking the problem of policing marital violence.
=540  \\$aCurrent Copyright Fee: GBP25.00$c0$5Uk
=650  \0$aMarital violence$zSingapore$xHistory.
=650  \0$aMarital violence$zSingapore$xPrevention.
=650  \0$aLaw enforcement$zSingapore.
=650  \0$aPolice regulations$zSingapore.
=830  \0$aSocial sciences in Asia,$x1567-2794 ;$vv. 22.
=852  41$aBritish Library$bDSC$j8318.186250
=852  \\$aBritish Library$bHMNTS
=856  41$3Table of contents only$uhttp://www.loc.gov/catdir/toc/ecip0822/2008028984.html
=ACF  \\$aBritish Library not licensed to copy$c0$e01-oct-2013$hC$iCFP Excluded$5Uk
=ACF  \\$aBritish Library not licensed to copy$c0$e01-jan-2014$hC$iCFP Excluded$5Uk
=ACF  \\$aBritish Library not licensed to copy$c0$e01-apr-2014$hC$iCFP Excluded$5Uk
=ACF  \\$aPrevious Copyright Fee: GBP12.30$c0$e01-oct-2014$fGBP12.30$g0$hC$5Uk
=ACF  \\$aPrevious Copyright Fee: GBP20.00$c0$e01-jan-2020$fGBP20.00$g0$hC$5Uk
=CAT  \\$aBATCH-CIPN$b00$c20080729$lBLL01$h1703
=CAT  \\$aBATCH$b00$c20080729$lBLL01$h1712
=CAT  \\$aBATCH$b00$c20090110$lBLL01$h1806
=CAT  \\$a9504$b40$c20120411$lBLL01$h1601
=CAT  \\$aBATCH-CLA$b00$c20120928$lBLL01$h1840
=CAT  \\$aBATCH-CLA$b00$c20120930$lBLL01$h1053
=CAT  \\$aBATCH-CLA$b00$c20130508$lBLL01$h0742
=CAT  \\$aBATCH-CLA$b00$c20130903$lBLL01$h0040
=CAT  \\$aIPL-CLA$c20130930$lBLL01$h1800
=CAT  \\$aBATCH-CLA$b00$c20131202$lBLL01$h0332
=CAT  \\$aIPL-CLA$c20140101$lBLL01$h0058
=CAT  \\$aBATCH-CLA$b00$c20140327$lBLL01$h1826
=CAT  \\$aIPL-CLA$c20140331$lBLL01$h1634
=CAT  \\$aBATCH-CLA$b00$c20140929$lBLL01$h1820
=CAT  \\$aIPL-CLA$c20140930$lBLL01$h1636
=CAT  \\$aBATCH$b00$c20160608$lBLL01$h1616
=CAT  \\$aBATCH-CLA$b00$c20161221$lBLL01$h2033
=CAT  \\$aIPL-CLA$c20161230$lBLL01$h2309
=CAT  \\$aBATCH-CLA$b00$c20171221$lBLL01$h1323
=CAT  \\$aIPL-CLA$c20171231$lBLL01$h1735
=CAT  \\$aBATCH-CLA$b00$c20200218$lBLL01$h0436
=CAT  \\$aBATCH-CLA$b00$c20201203$lBLL01$h1418
=CAT  \\$aIPL-CLA$c20201231$lBLL01$h2256
=CAT  \\$aBATCH-CLA$b00$c20221206$lBLL01$h1804
=CAT  \\$aIPL-CLA$c20221231$lBLL01$h2220
=CAT  \\$aBATCH-CLA$b00$c20230302$lBLL01$h1808
=CFI  0\$aCurrent Copyright Fee: GBP25.00$c0$e09-feb-2023$fGBP25.00$g0$hC$5Uk
=FIN  \\$aY$d20120411
=FMT  \\$a  BK
=LAS  \\$aBATCH-CLA$b00$c20230302$lBLL01$h1808
=SRC  \\$aBLL02
=TCO  \\$aNLD$bSTICHTING REPRORECHT$c008

