=LDR  01677aam a2200493 a 4500
=001  014697500
=003  Uk
=005  20100408212926.0
=008  080723s2008\\\\ctua\\\\\\\\\\001\0\eng\d
=010  \\$a2007051028  
=015  \\$aGBA8A1107$2bnb
=016  7\$a014697500$2Uk
=020  \\$a9781561589562 (pbk.) :$c£14.99
=020  \\$a156158956X (pbk.) :$c£14.99
=040  \\$aStDuBDS$beng$cStDuBDS$dUk
=042  \\$aukblsr
=082  00$a684.08$222
=100  1\$aRaffan, Richard.
=245  10$aTurning wood with Richard Raffan /$cRichard Raffan.
=250  \\$a3rd ed., updated.
=260  \\$aNewtown, Conn. :$bTaunton Press ;$aLewes :$bGMC Distribution [distributor],$c2008.
=300  \\$a218 p. :$bill. (chiefly col.) ;$c28 cm.
=336  \\$atext$2rdacontent
=337  \\$aunmediated$2rdamedia
=338  \\$avolume$2rdacarrier
=500  \\$aFormerly CIP.$5Uk
=650  \0$aTurning (Lathe work)
=650  \0$aLathes.
=852  41$aBritish Library$bHMNTS$jYK.2009.b.3396
=852  \\$aBritish Library$bHMNTS
=856  41$3Table of contents only$uhttp://www.loc.gov/catdir/toc/ecip086/2007051028.html
=BUF  \\$aN$d20090508
=CAT  \\$aBATCH-CIPN$b00$c20080819$lBLL01$h1703
=CAT  \\$aBATCH$b00$c20080819$lBLL01$h1706
=CAT  \\$aBATCH$b00$c20080819$lBLL01$h1724
=CAT  \\$a10983$b40$c20090508$lBLL01$h0813
=CAT  \\$a10983$b40$c20090508$lBLL01$h0818
=CAT  \\$a10983$b40$c20090508$lBLL01$h0845
=CAT  \\$aBATCH-BUOC$b00$c20100408$lBLL01$h2128
=CAT  \\$aBATCH$b00$c20100408$lBLL01$h2129
=CAT  \\$aWR16_021$c20160622$lBLL01$h1803
=FIN  \\$aY$d20090508
=FMT  \\$a  BK
=LAS  \\$aWR16_021$b00$c20160622$lBLL01$h1803

