=LDR  02061aam a2200589 a 4500
=001  014702105
=003  Uk
=005  20091119212814.0
=008  080819s2008\\\\stka\\\\\b\\\\001\0\eng\d
=010  \\$a2008020092  
=015  \\$aGBA8A2966$2bnb
=016  7\$a014702105$2Uk
=020  \\$a9780443067136 (hbk.) :$c£171.00
=020  \\$a0443067139 (hbk.) :$c£171.00
=020  \\$a9780443067150 (hbk.) :$cNo price
=040  \\$aStDuBDS$beng$cStDuBDS$dUk
=042  \\$aukblsr
=082  00$a616.15$222
=245  00$aHematology :$bbasic principles and practice /$cRonald Hoffman ... [et al.].
=250  \\$a5th ed.
=260  \\$aEdinburgh :$bChurchill Livingstone,$c2008.
=300  \\$axxvii, 2523 p. :$bill. (chiefly col.) ;$c28 cm.
=336  \\$atext$2rdacontent
=337  \\$aunmediated$2rdamedia
=338  \\$avolume$2rdacarrier
=490  1\$aExpert consult. Premium edition
=500  \\$aFormerly CIP.$5Uk
=504  \\$aIncludes bibliographical references and index.
=650  \0$aHematology.
=650  \0$aBlood$xDiseases.
=650  12$aHematologic Diseases$xdiagnosis.
=650  22$aBlood Physiological Phenomena.
=650  22$aHematologic Diseases$xtherapy.
=700  1\$aHoffman, Ronald,$d1945-
=830  \0$aExpert consult.$pPremium edition
=852  \\$aBritish Library$bSTI
=852  41$aBritish Library$bDSC$jm09/.13542
=856  41$3Table of contents only$uhttp://www.loc.gov/catdir/toc/ecip0818/2008020092.html
=BUF  \\$aN$d20081219
=CAT  \\$aBATCH-CIPN$b00$c20080826$lBLL01$h1702
=CAT  \\$aBATCH$b00$c20080826$lBLL01$h1703
=CAT  \\$aBATCH$b00$c20080826$lBLL01$h1710
=CAT  \\$aBATCH$b00$c20081015$lBLL01$h1031
=CAT  \\$aBATCH$b00$c20081015$lBLL01$h1039
=CAT  \\$a11266$b40$c20081217$lBLL01$h0935
=CAT  \\$a5375$b40$c20081219$lBLL01$h1418
=CAT  \\$aBATCH-BUOC$b00$c20091119$lBLL01$h2127
=CAT  \\$aBATCH$b00$c20091119$lBLL01$h2128
=CAT  \\$aWR16_021$c20160622$lBLL01$h1804
=FIN  \\$aY$d20081219
=FMT  \\$a  BK
=LAS  \\$aWR16_021$b00$c20160622$lBLL01$h1804

