=LDR  03773cam a2200601 a 4500
=001  014708882
=003  Uk
=005  20221231222119.0
=008  080806s2008\\\\ne\a\\\\\b\\\\001\0\eng\\
=010  \\$a2008034533  
=015  \\$aGBA8A6216$2bnb
=016  7\$a014708882$2Uk
=020  \\$a9789004171220 (hbk.) :$cNo price
=020  \\$a9004171223 (hbk.) :$cNo price
=040  \\$aStDuBDS$beng$cStDuBDS$dUk
=042  \\$aukblsr
=050  00$aBV207$b.H57 2008
=082  00$a248.3209$222
=245  02$aA history of prayer :$bthe first to the fifteenth century /$cedited by Roy Hammerling.
=260  \\$aLeiden :$bBrill ;$aBiggleswade :$bExtenza Turpin [distributor],$c2008.
=300  \\$axviii, 484 p. :$bill. ;$c25 cm.
=336  \\$atext$2rdacontent
=337  \\$aunmediated$2rdamedia
=338  \\$avolume$2rdacarrier
=490  1\$aBrill's companions to the Christian tradition,$x1871-6377 ;$vv. 13
=500  \\$aFormerly CIP.$5Uk
=504  \\$aIncludes bibliographical references (p. [463]-470) and index.
=505  0\$aIntroduction : prayer : a simply complicated scholarly problem -- Prayer during the first to fourth century. Prayer in the first four centuries A.D. / L. Edward Phillips -- The Lord's Prayer in patristic literature / Karlfried Froehlich -- Piety and proclamation : Gregory of Nyssa's sermons on the Lord's Prayer / Michael Joseph Brown -- Prayer as theology / David W. Fagerberg -- Imageless prayer and the theological vision of Evagrius Ponticus / Columba Stewart -- The Lord's Prayer : a cornerstone of early batismal education / Roy Hammerling -- St. Augustine of Hippo : prayer as sacrament / Roy Hammerling -- Prayer during the fifth to eighth centuries. Prayer among the Benedictines / Columba Stewart -- The Lord's prayer in early Christian polemics to the eighth century / Roy Hammerling -- Prayer during the ninth to thirteenth centuries. The prayers and mediations of St. Anselm of Canterbury / Benedicta Ward -- Libelli precum in the central Middle Ages / Susan Boynton -- Thomas Aquinas on Christ's prayer / Corey Barnes -- Ashkenazic piyyut : Hebrew poetic prayer in a Latin environment (the tenth to the twelfth centuries) / Johannes Heil -- Prayer during the fourteenth to fifteenth centuries. Jan van Ruusbroec on the Trinity, prayer, and the nature of contemplation / Rik Van Nieuwenhove -- Prayer for the people : the Book of Hours / Roger S. Wieck -- Sermons on the Lord's Prayer and the Rogation Days in the later Middle Ages / Paul W. Robinson.
=540  \\$aCurrent Copyright Fee: GBP25.00$c0$5Uk
=650  \0$aPrayer$xChristianity$xHistory$yTo 1500.
=700  1\$aHammerling, Roy.
=830  \0$aBrill's companions to the Christian tradition ;$vv. 13.
=852  41$aBritish Library$bDSC$j2284.110913
=852  \\$aBritish Library$bDSC
=856  41$3Table of contents only$uhttp://www.loc.gov/catdir/toc/ecip0825/2008034533.html
=BUF  \\$aN$d20081113
=CAT  \\$aBATCH-CIPN$b00$c20080902$lBLL01$h1702
=CAT  \\$aBATCH$b00$c20080902$lBLL01$h1704
=CAT  \\$aBATCH$b00$c20080902$lBLL01$h1710
=CAT  \\$a6098$b40$c20081113$lBLL01$h1425
=CAT  \\$aBATCH-BUOC$b00$c20090924$lBLL01$h2208
=CAT  \\$aBATCH$b00$c20090924$lBLL01$h2209
=CAT  \\$a11249$b40$c20091005$lBLL01$h1458
=CAT  \\$aWR16_021$c20160622$lBLL01$h1805
=CAT  \\$a8411$b40$c20220409$lBLL01$h1256
=CAT  \\$aBATCH-CLA$b00$c20220410$lBLL01$h0103
=CAT  \\$aBATCH-CLA$b00$c20221221$lBLL01$h1908
=CAT  \\$aIPL-CLA$c20221231$lBLL01$h2221
=CFI  0\$aCurrent Copyright Fee: GBP25.00$c0$e01-jan-2023$fGBP25.00$g0$hA$5Uk
=CFI  2\$aPrevious Copyright Fee: GBP22.50$c0$e01-jan-2021$fGBP22.50$g0$hA$5Uk
=FIN  \\$aY$d20081113
=FMT  \\$a  BK
=LAS  \\$aIPL-CLA$b00$c20221231$lBLL01$h2221

