=LDR  01670cam a2200445 a 4500
=001  014771094
=003  Uk
=005  20081112080103.0
=008  070205s2008\\\\inu\\\\\\b\\\\000\0ceng\\
=010  \\$a  2007005257
=020  \\$a9781557534590 (alk. paper)
=020  \\$a1557534594 (alk. paper)
=035  \\$a(OCoLC)ocm84152849
=035  \\$a(OCoLC)84152849
=040  \\$aDLC$cDLC$dBAKER$dBTCTA$dYDXCP$dC#P$dDLC$dUk
=042  \\$aukblcatcopy
=050  00$aTA139$b.H275 2008
=082  00$a620.00922$222
=100  1\$aHall, Carl W.
=245  12$aA biographical dictionary of people in engineering :$bfrom the earliest records until 2000 /$cCarl W. Hall.
=260  \\$aWest Lafayette, Ind. :$bPurdue University Press,$cc2008.
=300  \\$axix, 264 p. ;$c26 cm. +$e1 CD-ROM (4 3/4 in.)
=336  \\$atext$2rdacontent
=337  \\$aunmediated$2rdamedia
=338  \\$avolume$2rdacarrier
=504  \\$aIncludes bibliographical references (p. 249-264).
=650  \0$aEngineers$vBiography$vDictionaries.
=650  \0$aEngineers$xHistory.
=852  41$aBritish Library$bDSC$jVm08/.50717
=852  41$aBritish Library$bHMNTS$jED.9.x.141
=852  41$aBritish Library$bHMNTS$3Accompanying CD-ROM
=856  41$3Table of contents only$uhttp://www.loc.gov/catdir/toc/ecip0710/2007005257.html
=856  42$3Contributor biographical information$uhttp://www.loc.gov/catdir/enhancements/fy0829/2007005257-b.html
=CAT  \\$a4861$b40$c20081007$lBLL01$h1616
=CAT  \\$a10904$b40$c20081112$lBLL01$h0801
=CAT  \\$aW2308-1659$c20230923$lBLL01$h1130
=FIN  \\$aY$d20081112
=FMT  \\$a  BK
=LAS  \\$aW2308-1659$b00$c20230923$lBLL01$h1130
=SRC  \\$aBLL02

