=LDR  01726 am a2200457 a 4500
=001  014801107
=003  Uk
=005  20081112111609.0
=008  080714s2008\\\\it\a\\\\\bc\\\000\0\ita\d
=010  \\$a  2008356048
=020  \\$a9788861306998 :$c45.00 EUR
=035  \\$a(ItFiC)it 08639817
=040  \\$aUk$beng$cUk$dUk
=042  \\$aukblsr
=042  \\$alccopycat
=043  \\$ae-it---
=050  00$aNE890$b.A45 2008
=245  00$aAllo! Paris! :$bil libro d'artista da Manet a Picasso nella collezione Mingardi /$csaggi di Gloria Bianchino, Sandro Parmiggiani, Michele Tavola ; schede di Corrado Mingardi.
=260  \\$aMilano :$bSkira,$cc2008.
=300  \\$a390 p. :$bill. (some col.) ;$c28 cm.
=336  \\$atext$2rdacontent
=337  \\$aunmediated$2rdamedia
=338  \\$avolume$2rdacarrier
=500  \\$aCatalog of an exhibition held at the Palazzo Bossi Bocchi, Parma, Italy, Mar. 18-May 11, 2008.
=504  \\$aIncludes bibliographical references (p. 389-390).
=600  10$aMingardi, Corrado$xArt collections$vExhibitions.
=650  \0$aArtists' illustrated books$vExhibitions.
=650  \0$aArtists' illustrated books$xPrivate collections$zItaly$zBusseto$vExhibitions.
=700  1\$aBianchino, Gloria.
=700  1\$aParmiggiani, Sandro.
=700  1\$aTavola, Michele.
=710  2\$aPalazzo Bossi-Bocchi (Parma, Italy)
=852  41$aBritish Library$bHMNTS$jLF.31.b.5348
=852  \\$aBritish Library$bHMNTS
=856  41$3Table of contents$uhttp://www.loc.gov/catdir/toc/casalini07/08639817.pdf
=CAT  \\$a8565$b40$c20081112$lBLL01$h1115
=CAT  \\$a8565$b40$c20081112$lBLL01$h1116
=FIN  \\$aY$d20081112
=FMT  \\$a  BK
=LAS  \\$a8565$b40$c20081112$lBLL01$h1116
=SRC  \\$aBLL02

