=LDR  08802cam a2201921 i 4500
=001  014845146
=003  Uk
=005  20230822091308.0
=008  081106m19869999enkab\\\\b\\\\001\0\eng\d
=015  \\$aGBA8D6742$2bnb
=016  7\$a014845146$2Uk
=020  \\$a0521243270 (v. 1)
=020  \\$a9781107020771 (v. 2)
=020  \\$a0521214467 (v. 3)
=020  \\$a0521812488 (v. 5)
=020  \\$a9780521812481 (v. 5, pt. 1)
=020  \\$a9780521243308 (v. 5, pt. 2)
=020  \\$z9781316235737 (v. 5, pt. 2 : PDF ebook) :$cNo price
=020  \\$a0521243319 (v. 6)
=020  \\$a0521243327 (v. 7)
=020  \\$a0521243335 (v. 8)
=020  \\$a0521243343 (v. 9, pt. 1)
=020  \\$a9780521243353 (v. 9, pt. 2 : hardback) :$c£120.00
=020  \\$z9781316446768 (v. 9, pt. 2 : PDF ebook) :$cNo price
=020  \\$z9781139193078 (v. 9, pt. 2 : ebook) :$cNo price
=020  \\$a0521220297 (v. 11)
=020  \\$a0521235413 (v. 12)
=020  \\$a0521243386 (v. 13)
=020  \\$a052124336X (v. 14)
=020  \\$a0521243378 (v. 15)
=020  \\$a9780521243377 (v. 15)
=040  \\$aStDuBDS$beng$cStDuBDS$dUk$erda
=042  \\$aukblsr
=082  04$a951$223
=245  04$aThe Cambridge history of China /$cgeneral editors, Denis Twitchett and John K. Fairbank.
=264  \1$aCambridge :$bCambridge University Press,$c1986-
=300  \\$avolumes :$billustrations (black and white), maps (black and white) ;$c24 cm
=336  \\$atext$2rdacontent
=337  \\$aunmediated$2rdamedia
=338  \\$avolume$2rdacarrier
=500  \\$aDescription based on v. 5, pt. 1.
=500  \\$aFormerly CIP.$5Uk
=504  \\$aIncludes bibliographical references and index.
=504  \\$aIncludes bibliographies and indexes.
=505  1\$av. 1. The Chʿin and Han Empires, 221 B.C.-A.D. 220 -- v. 2. The Six Dynasties, 220-589 / edited by Albert E. Dien, Keith N. Knapp -- v. 3. Sui and Tʿang China, 589-906, pt. 1 -- v. 5, pt. 1. The Sung Dynasty and its precursors, 907-1279 -- v. 5, pt. 2. Sung China, 960-1279 / edited by John W. Chaffee and Denis Twitchett -- v. 6. Alien regimes and border states, 907-1368 -- v. 7. The Ming Dynasty, 1368-1644, pt. 1 -- v. 8. The Ming Dynasty, 1368-1644, pt. 2 -- v. 9, pt. 1. The Chʿing Dynasty to 1800, pt. 1 -- v. 9, pt. 2. The Chʿing Dynasty to 1800, pt. 2 -- v. 10. Late Chʿing, 1800-1911, pt. 1 -- v. 11. Late Chʿing, 1800-1911, pt. 2 -- v. 12. Republican China, 1912-1949, pt. 1 -- v. 13. Republican China, 1912-1949, pt. 2 -- v. 14. The People's Republic, pt. 1 -- v. 15. The People's Republic, pt. 2.
=540  \\$aCurrent Copyright Fee: GBP22.50$c0$5Uk
=651  \0$aChina$xHistory.
=700  1\$aTwitchett, Denis Crispin,$d1925-2006,$eeditor.
=700  1\$aFairbank, John King,$d1907-1991,$eeditor.
=700  1\$aChaffee, John W.,$eeditor.
=700  1\$aDien, Albert E.,$eeditor.
=700  1\$aKnapp, Keith Nathaniel,$eeditor.
=740  02$aCh'in and Han Empires, 221 B.C.-A.D.220.
=740  02$aSix dynasties, 220-589.
=740  02$aSui and T'ang China, 589-906.
=740  02$aSung Dynasty and its precursors, 907-1279.
=740  02$aSung China, 960-1279
=740  02$aAlien regimes and border states, 710-1368.
=740  02$aMing Dynasty, 1368-1644.
=740  02$aCh'ing Empire to 1800.
=740  02$aLate Ch'ing, 1800-1911.
=740  02$aRepublican China, 1912-1949.
=740  02$aPeople's Republic.
=740  02$aRevolutions within the Chinese Revolution, 1966-1982.
=852  41$aBritish Library$bHMNTS$jYC.2019.a.1511$iVol. 5, pt. 2
=852  41$aBritish Library$bDSC$jm22/.10599$ivol. 9, pt. 1
=852  41$aBritish Library$bDSC$jm09/.26248$iv. 5, pt. 1$3Vol. 5. The Sung Dynasty and its precursors, 907-1279, pt. 1
=852  41$aBritish Library$bDSC$jm16/.11317$ivol. 9, pt. 2
=852  41$aBritish Library$bHMNTS$jYC.2016.a.5765$ivol 9, pt 2
=852  41$aBritish Library$bHMNTS$jYC.2015.a.4163
=852  41$aBritish Library$bDSC$jm15/.10514$ivol. 5, pt. 2
=852  41$aBritish Library$bOC$jV 22372$3Vols. 10-11.
=852  11$aBritish Library$bOC$cSPHOA$kOIK$h951
=852  41$aBritish Library$bDSC$j81/20978$iv. 3$3Vol. 3. Sui and Tʿang China, 589-906, pt. 1
=852  41$aBritish Library$bDSC$j87/14126$iv. 1$3Vol. 1. The Chʿin and Han Empires, 221 B.C.-A.D. 220
=852  41$aBritish Library$bHMNTS$jYC.2009.a.5363$iv. 5, pt. 1$3Vol. 5. The Sung Dynasty and its precursors, 907-1279, pt. 1
=852  41$aBritish Library$bDSC$j81/14331$iv. 11$3Vol. 11. Late Chʿing, 1800-1911, pt. 2
=852  41$aBritish Library$bDSC$j88/12180$iv. 7$3Vol. 7.The Ming Dynasty, 1368-1644, pt. 1
=852  11$aBritish Library$bHMNTS$cSPHOA$kHLR$h951
=852  41$aBritish Library$bDSC$j95/03183$iv. 6$3Vol. 6. Alien regimes and border states, 907-1368
=852  41$aBritish Library$bDSC$j95/00119$iv. 6$3Vol. 6. Alien regimes and border states, 907-1368
=852  41$aBritish Library$bDSC$j86/15548$iv. 13$3Vol. 13. Republican China, 1912-1949, pt. 2
=852  41$aBritish Library$bDSC$j98/13482$iv. 8$3Vol. 8. The Ming Dynasty, 1368-1644, pt. 2
=852  41$aBritish Library$bDSC$j94/26222$iv. 15$3Vol. 15. The People's Republic, pt. 2
=852  41$aBritish Library$bDSC$j87/21519$iv. 14$3Vol. 14. The People's Republic, pt. 1
=852  41$aBritish Library$bDSC$j83/32582$iv. 12$3Vol. 12. Republican China, 1912-1949, pt. 1
=852  41$aBritish Library$bHMNTS$jYC.2010.a.4751$iv. 5, pt. 1$3Vol. 5. The Sung Dynasty and its precursors, 907-1279, pt. 1
=852  41$aBritish Library$bDSC$j78/19341$iv. 10$3Vol. 10. Late Chʿing, 1800-1911, pt. 1
=852  41$aBritish Library$bDSC$j81/02383$iv. 10$3Vol. 10. Late Chʿing, 1800-1911, pt. 1
=852  41$aBritish Library$bDSC$jm19/.11927
=852  41$aBritish Library$bHMNTS$jYC.2020.a.1775$iVol. 2
=852  41$aBritish Library$bDSC
=856  42$3Publisher description$uhttp://www.loc.gov/catdir/description/cam022/76029852.html
=856  41$3Table of contents$uhttp://www.loc.gov/catdir/toc/cam026/76029852.html
=957  \\$a831015p
=957  \\$a871101p
=957  \\$r27/11/1995
=957  \\$a951201p
=957  \\$r9/6/03$tM/35013-19
=CAT  \\$aBATCH-CIPN$b00$c20081202$lBLL01$h1702
=CAT  \\$a9081$b40$c20120208$lBLL01$h1212
=CAT  \\$a6550$b40$c20120501$lBLL01$h1210
=CAT  \\$a6550$b40$c20120501$lBLL01$h1227
=CAT  \\$a6550$b40$c20120501$lBLL01$h1228
=CAT  \\$a6550$b40$c20120501$lBLL01$h1233
=CAT  \\$a6550$b40$c20120501$lBLL01$h1234
=CAT  \\$a6550$b40$c20120501$lBLL01$h1236
=CAT  \\$a6550$b40$c20120501$lBLL01$h1242
=CAT  \\$a6550$b40$c20120501$lBLL01$h1432
=CAT  \\$aBATCH-UPD$b40$c20121021$lBLL01$h2314
=CAT  \\$a11250$b40$c20150313$lBLL01$h1435
=CAT  \\$a11250$b40$c20150313$lBLL01$h1511
=CAT  \\$a11009$b40$c20150327$lBLL01$h0951
=CAT  \\$a11250$b40$c20160425$lBLL01$h0955
=CAT  \\$a11070$b40$c20160609$lBLL01$h1512
=CAT  \\$aWR16_021$c20160623$lBLL01$h1807
=CAT  \\$aBATCH-CLA$b00$c20161020$lBLL01$h0120
=CAT  \\$a11250$b40$c20190205$lBLL01$h0817
=CAT  \\$a11250$b40$c20190205$lBLL01$h0825
=CAT  \\$aBATCH-CLA$b00$c20190206$lBLL01$h0130
=CAT  \\$a8411$b40$c20191121$lBLL01$h1156
=CAT  \\$a11250$b40$c20191126$lBLL01$h1351
=CAT  \\$aBATCH-CLA$b00$c20210928$lBLL01$h1445
=CAT  \\$aIPL-CLA$c20210930$lBLL01$h1654
=CAT  \\$a8874$b40$c20230822$lBLL01$h0913
=CFI  0\$aCurrent Copyright Fee: GBP22.50$c0$e01-oct-2021$fGBP22.50$g0$hC$5Uk
=CFI  2\$aBritish Library not licensed to copy$c0$e01-jan-2015$hC$iCFP Excluded$5Uk
=FIN  \\$aY$d20090529
=FMT  \\$a  BK
=LAS  \\$a8874$b40$c20230822$lBLL01$h0913
=LEO  \\$aMP13.0001688654
=LEO  \\$aMP5.0001055693
=LEO  \\$aMP13.0001686973
=LEO  \\$aMP5.0000628151
=LEO  \\$aMP5.0001055694
=LEO  \\$aMP8.0001111459
=LEO  \\$aMP13.0001688655
=LEO  \\$aMP13.0001688656
=LEO  \\$aMP5.0001055695
=LEO  \\$aMP5.0001619683
=LEO  \\$aMP8.0001361086
=LEO  \\$aMP13.0001688657
=LEO  \\$aMP13.0001686974
=LEO  \\$aMP5.0000628152
=LEO  \\$aMP13.0001687328
=LEO  \\$aMP5.0000628594
=LEO  \\$aMP13.0001688661
=LEO  \\$aMP5.0001055698
=LEO  \\$aMP5.0001055529
=LEO  \\$aMP13.0001688216
=LEO  \\$aMP5.0001055696
=LEO  \\$aMP13.0001688659
=LEO  \\$aMP5.0001055697
=LEO  \\$aMP13.0001688660
=SRC  \\$aBLL02$bpart.2.ae
=SRC  \\$aLDS01$bbiblm.200404.2.aa
=SRC  \\$aHSS01$bbibmp13.200404.2.ac
=SRC  \\$aBNB03$bbibmp5.200404.2.aa
=SRC  \\$aBNB03$bbibmp5.200404.2.ab
=SRC  \\$aMOP02$bbibm2.200404.2.aa
=SRC  \\$aDSC01$bbibmp8.200404.2.ab
=SRC  \\$aDSC01$bbibmp8.200404.2.ac
=TCO  \\$aCLA$bCLA$c008

