=LDR  02471cam a2200601 a 4500
=001  014933208
=003  Uk
=005  20220331230307.0
=008  080709s2008\\\\maua\\\\\b\\\\000\0\eng\\
=010  \\$a2008274777
=015  \\$aGBA929025$2bnb
=016  7\$a014933208$2Uk
=020  \\$a9781405187664 (pbk.) :$c£19.99
=020  \\$a1405187662 (pbk.) :$c£19.99
=040  \\$aStDuBDS$beng$cStDuBDS$dUk
=042  \\$aukblcatcopy
=082  04$a155.413$222
=100  1\$aRakison, David H.
=245  10$aDeveloping object concepts in infancy :$ban associate learning perspective /$cDavid H. Rakison and Gary Lupyan ; with commentary by Lisa M. Oakes, Arlene S. Walker-Andrews.
=260  \\$aBoston, Mass. ;$aOxford :$bWiley-Blackwell,$c2008.
=300  \\$avii, 130 p. :$bill. ;$c23 cm.
=336  \\$atext$2rdacontent
=337  \\$aunmediated$2rdamedia
=338  \\$avolume$2rdacarrier
=490  0\$aMonographs of the society for research in child development ;$vno. 289, vol. 73, no. 1, 2008
=500  \\$aFormerly CIP.$5Uk
=504  \\$aIncludes bibliographical references.
=540  \\$aCurrent Copyright Fee: GBP32.00$c0$5Uk
=650  \0$aCategorization (Psychology) in children.
=650  \0$aAssociation of ideas.
=650  \0$aLearning, Psychology of.
=650  \0$aInfants$xDevelopment.
=650  \0$aEarly childhood education.
=700  1\$aLupyan, Gary.
=852  \\$aBritish Library$bDSC
=852  41$aBritish Library$bHMNTS$jYK.2009.a.19765
=856  42$3Publisher description$uhttp://www.loc.gov/catdir/enhancements/fy0835/2008274777-d.html
=856  42$3Contributor biographical information$uhttp://www.loc.gov/catdir/enhancements/fy0835/2008274777-b.html
=856  41$3Table of contents only$uhttp://www.loc.gov/catdir/enhancements/fy0835/2008274777-t.html
=985  \\$aPotential duplicate - ISBN matched when loading CiP record - no Legal Deposit order cr
=CAT  \\$aBATCH-CIPE$b00$c20090317$lBLL01$h1703
=CAT  \\$aBATCH$b00$c20090317$lBLL01$h1704
=CAT  \\$aBATCH$b00$c20090317$lBLL01$h1712
=CAT  \\$a9657$b40$c20090714$lBLL01$h1133
=CAT  \\$aWR16_021$c20160624$lBLL01$h1811
=CAT  \\$aBATCH-CLAB$c20220330$lBLL01$h1527
=CAT  \\$aIPL-CLA$c20220331$lBLL01$h2303
=CFI  0\$aCurrent Copyright Fee: GBP32.00$c0$e01-apr-2022$fGBP32.00$g0$hC$5Uk
=FIN  \\$aY$d20090714
=FMT  \\$a  BK
=LAS  \\$aIPL-CLA$b00$c20220331$lBLL01$h2303
=SID  \\$aZ39$bLOC
=SRC  \\$aNielsen Bookdata

