=LDR  01821cas a22005057a 4500
=001  012454867
=003  Uk
=005  20051228142810.0
=007  c|||||
=008  030904c20009999xxudr|p|s|\\\\0\\\|0eng\\
=019  c\$a3003771
=019  1\$abld00L2045
=040  \\$aUk$cUk$dUk
=245  00$aBowker's global books in print$h[electronic resource].
=246  3\$aGlobal books in print
=260  \\$aNew Providence, N.J. :$bR.R. Bowker,$c2000-
=310  \\$aUpdated daily
=336  \\$atext$2rdacontent
=337  \\$acomputer$2rdamedia
=500  \\$aTitle from home page (viewed on 25 Apr. 2003)
=520  \\$aA database of bibliographical information on books currently in print and forthcoming in the English language. It contains information on over 2 million books published worldwide.
=530  \\$aAlso available in CD-ROM format.
=538  \\$aMode of access: World Wide Web.
=650  \0$aEnglish imprints$vCatalogs$vPeriodicals.
=650  \0$aPublishers' catalogs$vPeriodicals.
=852  41$aBritish Library$bDSC$j4195.352500
=852  41$aBritish Library$bHMNTS
=856  40$uhttp://www.globalbooksinprint.com/GlobalBooksInPrint$zBL Reading Room access only
=945  \\$aGLOBAL BOOKS IN PRINT -ONLINE-.
=957  \\$a030425p
=959  \\$fCurrently received
=985  \\$aRecord merged by DQ team
=CAT  \\$aCONV$b00$c20040425$lBLL90$h0720
=CAT  \\$aCONV$b00$c20040502$lBLL01$h1509
=CAT  \\$a6550$b40$c20051228$lBLL01$h1428
=CAT  \\$a11249$b40$c20090602$lBLL01$h1648
=CAT  \\$aWR13.005$c20130323$lBLL01$h1512
=FIN  \\$aY
=FMT  \\$a  SE
=LAS  \\$aWR13.005$b00$c20130323$lBLL01$h1512
=LEO  \\$aMP13.0000122598
=LEO  \\$aMP10.0000249649
=SRC  \\$aHSS01$bbibmp13.200404.2.aa
=SRC  \\$a-xDSS01$bbibmp10.200404.2.aa
=TCO  \\$aTRS$bCCC$c008

