=LDR  01832 am a2200553ua 4500
=001  011367018
=003  Uk
=005  20150108062700.0
=008  030513s2002\\\\wlk\\\\||b\\\\001\||eng\\
=010  \\$a2002072807
=015  \\$aGBA336100$2bnb
=019  y\$abA336100
=019  9\$a0773471448
=019  1\$a0773471448
=020  \\$a0773471448 :$cNo price
=020  \\$a0889460760 (series)
=039  0\$a2742
=040  \\$aDLC$cDLC$dUk
=082  04$a895.13009$221
=100  1\$aShi, Liang.
=245  10$aReconstructing the historical discourse of traditional Chinese fiction /$cLiang Shi.
=260  \\$aLewiston, N.Y. ;$aLampeter :$bEdwin Mellen Press,$cc2002.
=300  \\$avi, 226 p. ;$c24 cm.
=336  \\$atext$2rdacontent
=337  \\$aunmediated$2rdamedia
=338  \\$avolume$2rdacarrier
=490  1\$aChinese studies ;$vv. 23
=504  \\$aIncludes bibliographical references (p. 209-222) and index.
=650  \0$aChinese fiction$xHistory and criticism.
=830  \0$aChinese studies ;$vv. 23.
=852  41$aBritish Library$bDSC
=852  41$aBritish Library$bHMNTS$jYC.2003.a.8340
=856  41$uhttp://www.loc.gov/catdir/toc/fy032/2002072807.html$zTable of contents
=886  2\$2ukmarc$a900$b10$aShih$hLiang$xSee$aShi, Liang$z100
=957  \\$r21/6/02$tM/31621-02
=CAT  \\$aCONV$b00$c20040425$lBLL90$h0814
=CAT  \\$aCONV$b00$c20040502$lBLL01$h1431
=CAT  \\$aBATCH$b00$c20091122$lBLL01$h1816
=CAT  \\$aBATCH$b00$c20091217$lBLL01$h0226
=CAT  \\$aBATCH-UPD$b00$c20150108$lBLL01$h0627
=FIN  \\$aY
=FMT  \\$a  BK
=LAS  \\$aBATCH-UPD$b00$c20150108$lBLL01$h0627
=LDO  \\$aLDO$bhbk
=LEO  \\$aMP5.0000266075
=LEO  \\$aMP13.0001961858
=SRC  \\$aBNB03$bbibmp5.200404.2.aa
=SRC  \\$aHSS01$bbibmp13.200404.2.ad
=SRC  \\$aLDS01$bbiblm.200404.2.aa

