=LDR  01430 am a2200433 a 4500
=001  010348752
=003  Uk
=005  20091122143200.0
=008  040315s2004\\\\enka\\\||\\\\\001\||eng\\
=015  \\$aGBA421984$2bnb
=019  y\$abA421984
=019  9\$a084769500x
=020  \\$a084769500X (cased) :$cNo price
=020  \\$a0847695018 (pbk.) :$cNo price
=039  0\$a2784
=040  \\$aDLC$cDLC$dUk
=082  04$a304.28$222
=100  1\$aPirages, Dennis.
=245  10$aEcological security :$ban evolutionary perspective on globalization /$cDennis Clark Pirages, Theresa Manley DeGeest.
=260  \\$aLanham :$bRowman & Littlefield,$cc2004.
=300  \\$aix, 285 p. :$bill. ;$c24 cm.
=336  \\$atext$2rdacontent
=337  \\$aunmediated$2rdamedia
=338  \\$avolume$2rdacarrier
=504  \\$aIncludes bibliographical references and index.
=650  \0$aHuman ecology.
=650  \0$aGlobalization.
=700  1\$aDeGeest, Theresa Manley,$d1968-
=852  41$aBritish Library$bHMNTS
=852  41$aBritish Library$bHMNTS$jYC.2009.a.8023
=856  41$uhttp://www.loc.gov/catdir/toc/fy042/2003000431.html$zTable of contents
=CAT  \\$aCONV$b00$c20040425$lBLL90$h0538
=CAT  \\$aCONV$b00$c20040502$lBLL01$h1358
=CAT  \\$aBATCH$b00$c20091122$lBLL01$h1432
=FIN  \\$aY
=FMT  \\$a  BK
=LAS  \\$aBATCH$b00$c20091122$lBLL01$h1432
=LEO  \\$aMP5.0000297702
=SRC  \\$aBNB03$bbibmp5.200404.2.aa

