=LDR  04030cas a22009377a 4500
=001  008546713
=003  Uk
=005  20221231185250.0
=007  ta
=008  030404duuuu2010sp\tr\p\\\\\\o0\\\b0spa\d
=019  c\$a2524218
=022  0\$a0213-5760
=035  \\$a(OCoLC)641429494
=040  \\$aESLEO$bspa$cESLEO$dOCLCQ$dUk
=042  \\$aukblsr
=080  \\$a016:087.7(460)
=210  0\$aPubl. of., Bol. nov.
=222  \0$aPublicaciones oficiales. Boletín de novedades
=245  00$aPublicaciones oficiales.$nBoletín de novedades.
=246  13$aBoletín de novedades. Publicaciones oficiales
=260  \\$aMadrid :$bMinisterio de la Presidencia y Secretaría de Estado de la Comunicación,$c1986-2010.
=300  \\$c21 cm.
=310  \\$aThree issues yearly
=336  \\$atext$2rdacontent
=337  \\$aunmediated$2rdamedia
=338  \\$avolume$2rdacarrier
=540  \\$aCurrent Copyright Fee: GBP25.00$c0$5Uk
=580  \\$aBeginning with 2010/3 issued online only at: http://www1.mpr.es/es/categoria/278/publicaciones.html/
=710  1\$aSpain.$bMinisterio de la Presidencia.
=785  10$tPublicaciones oficiales. Boletín de novedades (Online)
=852  41$aBritish Library$bHMNTS$jSO.157/166$3Jan./Apr. 1988-n. 2 (2010)
=852  41$aBritish Library$bHMNTS$3Jan./Apr. 1988-no. 2 (2009) (Issues missing)
=856  41$uhttp://www1.mpr.es/es/categoria/278/publicaciones.html/$zFollow links to resource
=886  2\$2blmarc$a092$b00$a6997.310000n
=945  \\$aPUBLICACIONES OFICIALES -BOLETIN DE NOVEDADES SPAIN-.
=979  \\$aBritish Library$bDSC$j6997.310000N
=A02  \\$a2524218
=ACF  \\$aPrevious copyright fee: GBP5.00$c0$e01-jul-2002$fGBP5.00$g0$hC$5Uk
=ACF  \\$aCurrent copyright fee: GBP4.40$c0$e01-jul-1998$fGBP4.40$g0$hA$5Uk
=ACF  \\$aCurrent copyright fee: GBP4.20$c0$e01-apr-1997$fGBP4.20$g0$hA$5Uk
=ACF  \\$aPrevious copyright fee: GBP10.50$c0$e01-jan-2011$fGBP10.50$g0$hA$5Uk
=ACF  \\$aPrevious copyright fee: GBP12.00$c0$e01-jan-2012$fGBP12.00$g0$hA$5Uk
=ACF  \\$aPrevious Copyright Fee: GBP12.30$c0$e01-jan-2014$fGBP12.30$g0$hA$5Uk
=ACF  \\$aPrevious Copyright Fee: GBP15.00$c0$e01-jan-2017$fGBP15.00$g0$hA$5Uk
=ACF  \\$aPrevious Copyright Fee: GBP17.50$c0$e01-jan-2018$fGBP17.50$g0$hA$5Uk
=ACF  \\$aPrevious Copyright Fee: GBP20.00$c0$e01-jan-2020$fGBP20.00$g0$hA$5Uk
=CAT  \\$aCONV$b00$c20040425$lBLL90$h0709
=CAT  \\$aBATCH-UPD$b00$c20101201$lBLL01$h1217
=CAT  \\$aIPL-CLA$c20101231$lBLL01$h1231
=CAT  \\$a3072$b40$c20110411$lBLL01$h1538
=CAT  \\$a3072$b40$c20110411$lBLL01$h1553
=CAT  \\$a3072$b40$c20110411$lBLL01$h1556
=CAT  \\$a3072$b40$c20110411$lBLL01$h1557
=CAT  \\$a3072$b40$c20110415$lBLL01$h1148
=CAT  \\$a3072$b40$c20110415$lBLL01$h1201
=CAT  \\$aWR11_203$c20111204$lBLL01$h1317
=CAT  \\$aIPL-CLA$c20111230$lBLL01$h1733
=CAT  \\$aBATCH-CLA$b00$c20121104$lBLL01$h1027
=CAT  \\$aWR13.005$c20130323$lBLL01$h1330
=CAT  \\$aBATCH-CLA$c20131217$lBLL01$h1733
=CAT  \\$aIPL-CLA$c20131231$lBLL01$h1931
=CAT  \\$aBATCH-CLA$b00$c20161222$lBLL01$h1708
=CAT  \\$aIPL-CLA$c20161230$lBLL01$h1837
=CAT  \\$aBATCH-CLA$b00$c20171222$lBLL01$h2005
=CAT  \\$aIPL-CLA$c20171231$lBLL01$h1413
=CAT  \\$aBATCH-CLA$b00$c20191219$lBLL01$h1633
=CAT  \\$aIPL-CLA$c20191231$lBLL01$h1739
=CAT  \\$aR2001-1524$c20200127$lBLL01$h1929
=CAT  \\$aBATCH-CLA$b00$c20201204$lBLL01$h1429
=CAT  \\$aIPL-CLA$c20201231$lBLL01$h1938
=CAT  \\$aBATCH-CLA$b00$c20221221$lBLL01$h1733
=CAT  \\$aIPL-CLA$c20221231$lBLL01$h1852
=CFI  0\$aCurrent Copyright Fee: GBP25.00$c0$e01-jan-2023$fGBP25.00$g0$hA$5Uk
=CFI  2\$aPrevious Copyright Fee: GBP22.50$c0$e01-jan-2021$fGBP22.50$g0$hA$5Uk
=FIN  \\$aY
=FMT  \\$a  SE
=LAS  \\$aIPL-CLA$b00$c20221231$lBLL01$h1852
=LEO  \\$aMP10.0000468527
=SID  \\$aZ39$bOCLC
=SRC  \\$aDSS01$bbibmp10.200404.2.aa
=TCO  \\$aESP$bCEDRO$c008

