=LDR  01448 am a2200409ua 4500
=001  007213734
=003  Uk
=005  20091118224100.0
=008  040109s2002\\\\ii\abc\||\\\\\001\||eng\\
=010  \\$a2002286605
=019  2\$abld00M9122
=040  \\$aDLC$cDLC$dUk
=100  1\$aMattu, Abdul Majid,$d1941-
=245  10$aKashmir issue :$ba historical perspective /$cAbdul Majid Mattu.
=260  \\$aSrinagar :$bAli Mohammad & Sons,$c2002.
=300  \\$a169 p., [10]p. of plates :$bill. (some col.), maps, ports. (some col.) ;$c23 cm.
=336  \\$atext$2rdacontent
=337  \\$aunmediated$2rdamedia
=338  \\$avolume$2rdacarrier
=504  \\$aIncludes bibliographical references and index.
=651  \0$aJammu and Kashmir (India)$xPolitics and government.
=852  41$aBritish Library$bOC$jYD.2004.a.257
=852  41$aBritish Library$bHMNTS
=856  41$uhttp://www.loc.gov/catdir/toc/fy034/2002286605.html$zTable of contents
=886  2\$2ukmarc$a900$b00$aAbdul Majid Mattu$c1941-$xSee$aMattu, Abdul Majid,$x1941-$z100
=886  2\$2blmarc$a967$b00$gx
=957  \\$a031100p
=957  \\$r07/11/2003
=CAT  \\$aCONV$b00$c20040425$lBLL90$h0721
=CAT  \\$aCONV$b00$c20040502$lBLL01$h1212
=CAT  \\$aBATCH$b00$c20091118$lBLL01$h2241
=FIN  \\$aY
=FMT  \\$a  BK
=LAS  \\$aBATCH$b00$c20091118$lBLL01$h2241
=LEO  \\$aMP13.0000138296
=SRC  \\$aHSS01$bbibmp13.200404.2.aa
=SRC  \\$aMOP02$bbibm2.200404.2.aa

