=LDR  01927 am a2200481ua 4500
=001  007214073
=003  Uk
=005  20180907205400.0
=008  040116s2003\\\\xxua\\\||c\\\\000\||eng\\
=010  \\$a2003007138
=019  1\$abld00M9499
=020  \\$a0935640754
=040  \\$aDLC$cDLC$dUk
=100  1\$aBlauvelt, Andrew,$d1964-
=245  10$aStrangely familiar :$bdesign and everyday life /$cAndrew Blauvelt.
=260  \\$aMinneapolis, Minn. :$bWalker Art Center,$cc2003.
=300  \\$a344 p. :$bcol. ill. ;$c23 cm.
=336  \\$atext$2rdacontent
=337  \\$aunmediated$2rdamedia
=338  \\$avolume$2rdacarrier
=500  \\$a"Published on occasion of the exhibition held at Walker Art Center, Minneapolis, Minn., June 8-Sept. 7, 2003, Carnegie Museum of Art, Pittsburgh, Pa., Nov. 8, 2003-Feb. 15, 2004, and Musée de l'Hospice Comtesse, Lille, France, Sept. 4-Nov. 28, 2004"_T.p. verso.
=504  \\$aIncludes bibliographical references.
=650  \0$aDesign$xHistory$y20th century$vExhibitions.
=650  \0$aDesign, Industrial$xHistory$y20th century$vExhibitions.
=710  2\$aWalker Art Center.
=710  2\$aCarnegie Museum of Art.
=710  2\$aMusée de l'Hospice Comtesse.
=852  41$aBritish Library$bHMNTS$jYD.2004.a.549
=852  41$aBritish Library$bHMNTS
=856  41$uhttp://www.loc.gov/catdir/toc/fy038/2003007138.html$zTable of contents
=886  2\$2ukmarc$a910$b20$aCarnegie Institute$cMuseum of Art$xSee also$aCarnegie Museum of Art$z710/1
=957  \\$a040101p
=957  \\$r30/12/2003
=CAT  \\$aCONV$b00$c20040425$lBLL90$h0721
=CAT  \\$aCONV$b00$c20040502$lBLL01$h1212
=CAT  \\$aBATCH$b00$c20091118$lBLL01$h2241
=CAT  \\$aBATCH-UPD$b00$c20180907$lBLL01$h2054
=FIN  \\$aY
=FMT  \\$a  BK
=LAS  \\$aBATCH-UPD$b00$c20180907$lBLL01$h2054
=LEO  \\$aMP13.0000138651
=SRC  \\$aHSS01$bbibmp13.200404.2.aa
=SRC  \\$aMOP02$bbibm2.200404.2.aa

