=LDR  01662 am a2200481ua 4500
=001  007216424
=003  Uk
=005  20180606160900.0
=008  040216s2003\\\\xxua\\\||\\\\\001\||eng\\
=010  \\$a2003018493
=019  1\$abld00N2128
=020  \\$a1576470962 (pbk.)
=040  \\$aDLC$cDLC$dUk
=082  04$a782.1159$222
=100  1\$aBruhn, Siglind.
=245  10$aSaints in the limelight :$brepresentations of the religious quest on the post-1945 operatic stage /$cby Siglind Bruhn.
=260  \\$aHillsdale, N.Y. :$bPendragon Press,$cc2003.
=300  \\$axxvi, 635 p. :$bill. ;$c23 cm.
=336  \\$atext$2rdacontent
=337  \\$aunmediated$2rdamedia
=338  \\$avolume$2rdacarrier
=490  1\$aDimension & diversity series ;$vno. 5
=504  \\$aIncludes bibliographical references (p. 599-622) and index.
=650  \0$aOpera$y20th century.
=650  \0$aSaints in opera.
=650  \0$aHeroes in opera$xReligious life.
=830  \0$aDimension & diversity series ;$vno. 5
=852  41$aBritish Library$bHMNTS$jYD.2004.a.1358
=852  41$aBritish Library$bHMNTS
=856  41$uhttp://www.loc.gov/catdir/toc/ecip048/2003018493.html$zTable of contents
=957  \\$a040101p
=957  \\$r26/01/2004
=CAT  \\$aCONV$b00$c20040425$lBLL90$h0721
=CAT  \\$aCONV$b00$c20040502$lBLL01$h1212
=CAT  \\$aBATCH$b00$c20091118$lBLL01$h2243
=CAT  \\$aBATCH$b00$c20091216$lBLL01$h2248
=CAT  \\$aBATCH-UPD$b00$c20180606$lBLL01$h1609
=FIN  \\$aY
=FMT  \\$a  BK
=LAS  \\$aBATCH-UPD$b00$c20180606$lBLL01$h1609
=LEO  \\$aMP13.0000141132
=SRC  \\$aHSS01$bbibmp13.200404.2.aa
=SRC  \\$aMOP02$bbibm2.200404.2.aa

