=LDR  01760 am a2200493 a 4500
=001  007217437
=003  Uk
=005  20100707152251.0
=008  040227s2002\\\\rh\ab\\||b\\\\000\||eng\\
=019  2\$abld00N3331
=020  \\$a1779220103 (pbk.)
=040  \\$aDLC$beng$cDLC$dUk
=042  \\$aukblsr
=245  00$aManaging common property in an age of globalisation :$bZimbabwean experiences /$cedited by Emmanuel Manzungu ... [et al.].
=260  \\$aHarare :$bWeaver Press,$c2002.
=300  \\$axvi, 202 p. :$bill., maps ;$c22 cm.
=336  \\$atext$2rdacontent
=337  \\$aunmediated$2rdamedia
=338  \\$avolume$2rdacarrier
=504  \\$aIncludes bibliographical references.
=650  \0$aCommons$zZimbabwe.
=650  \0$aNatural resources, Communal$zZimbabwe$xManagement.
=650  \0$aRight of property$zZimbabwe.
=650  \0$aGlobalization$xEconomic aspects$zZimbabwe.
=650  \0$aRural development$zZimbabwe.
=690  7\$aManagement and Business Studies$2blcoll
=700  1\$aManzungu, Emmanuel.
=852  41$aBritish Library$bOC$jYD.2010.a.9731
=852  41$aBritish Library$bHMNTS
=852  41$aBritish Library$bOC$jYD.2004.a.1821
=856  41$uhttp://www.loc.gov/catdir/toc/fy042/2003405544.html$zTable of contents
=957  \\$a040201p
=CAT  \\$aCONV$b00$c20040425$lBLL90$h0721
=CAT  \\$aCONV$b00$c20040502$lBLL01$h1212
=CAT  \\$aBATCH$b00$c20090517$lBLL01$h1818
=CAT  \\$aBATCH$b00$c20091118$lBLL01$h2243
=CAT  \\$a11014$b40$c20100707$lBLL01$h1522
=CAT  \\$aBATCH-UPD$b40$c20190323$lBLL01$h1727
=FIN  \\$aY
=FMT  \\$a  BK
=LAS  \\$aBATCH-UPD$b40$c20190323$lBLL01$h1727
=LEO  \\$aMP13.0000142196
=SRC  \\$aMOP02$bbibm2.200404.2.aa
=SRC  \\$aHSS01$bbibmp13.200404.2.aa

