=LDR  01524 am a2200457ua 4500
=001  007217458
=003  Uk
=005  20161230093737.0
=008  040301r20032002at\\\\\||\\\\\000\|aeng\\
=019  2\$abld00N3355
=020  \\$a0733617840 (pbk.)
=040  \\$aDLC$cDLC$dUk
=100  1\$aBurroughs, Augusten.
=245  10$aDry /$cAugusten Burroughs.
=260  \\$aSydney, N.S.W. :$bHodder,$c2003.
=264  \4$a©2002
=300  \\$aviii, 293 p. ;$c24 cm.
=336  \\$atext$2rdacontent
=337  \\$aunmediated$2rdamedia
=338  \\$avolume$2rdacarrier
=600  14$aBurroughs, Augusten.
=650  \0$aAdvertising agencies$zNew York (State)$zNew York.
=650  \0$aNovelists, American$y20th century$vBiography.
=650  \0$aCopy writers$zUnited States$vBiography.
=651  \0$aManhattan (New York, N.Y.)$xSocial life and customs.
=852  41$aBritish Library$bHMNTS
=852  41$aBritish Library$bOC$jYD.2004.a.1811
=856  42$uhttp://www.loc.gov/catdir/description/hol032/2003043120.html$zPublisher description
=886  2\$2blmarc$a967$b00$gx
=957  \\$a040201p
=CAT  \\$aCONV$b00$c20040425$lBLL90$h0721
=CAT  \\$aCONV$b00$c20040502$lBLL01$h1212
=CAT  \\$a11251$b40$c20070207$lBLL01$h1053
=CAT  \\$a11251$b40$c20070207$lBLL01$h1104
=CAT  \\$aBATCH$b00$c20091118$lBLL01$h2243
=CAT  \\$a8250$b40$c20161230$lBLL01$h0937
=FIN  \\$aY
=FMT  \\$a  BK
=LAS  \\$a8250$b40$c20161230$lBLL01$h0937
=LEO  \\$aMP13.0000142218
=SRC  \\$aHSS01$bbibmp13.200404.2.aa

