=LDR  01675 am a2200469ua 4500
=001  007217545
=003  Uk
=005  20161201213700.0
=008  040301s2004\\\\xxuab\\||\\\\\001\||eng\\
=010  \\$a2003014564
=019  1\$abld00N3448
=020  \\$a0842029613 (pbk.)
=020  \\$a0842029605 (cased)
=040  \\$aDLC$cDLC$dUk
=100  10$aThornton, Mark.
=245  10$aTariffs, blockades, and inflation :$bthe economics of the Civil War /$cMark Thornton and Robert B. Ekelund, Jr.
=260  \\$aWilmington, Del. :$bScholarly Resources,$c2004.
=300  \\$axxix, 124 p. :$bill., 1 map ;$c22 cm.
=336  \\$atext$2rdacontent
=337  \\$aunmediated$2rdamedia
=338  \\$avolume$2rdacarrier
=490  1\$aThe American crisis series ;$vno. 15
=504  \\$aIncludes bibliographical references and index.
=651  \0$aUnited States$xHistory$yCivil War, 1861-1865$xEconomic aspects.
=700  1\$aEkelund, Robert B.$q(Robert Burton),$d1940-
=830  \0$aAmerican crisis series ;$vno. 15.
=852  41$aBritish Library$bHMNTS$jYD.2004.a.1881
=852  41$aBritish Library$bHMNTS
=856  41$uhttp://www.loc.gov/catdir/toc/ecip046/2003014564.html$zTable of contents
=957  \\$a040201p
=957  \\$r19/02/2004
=CAT  \\$aCONV$b00$c20040425$lBLL90$h0721
=CAT  \\$aCONV$b00$c20040502$lBLL01$h1212
=CAT  \\$aBATCH$b00$c20091118$lBLL01$h2243
=CAT  \\$aBATCH$b00$c20091216$lBLL01$h2249
=CAT  \\$aBATCH-UPD$b00$c20161201$lBLL01$h2137
=FIN  \\$aY
=FMT  \\$a  BK
=LAS  \\$aBATCH-UPD$b00$c20161201$lBLL01$h2137
=LEO  \\$aMP13.0000142306
=SRC  \\$aHSS01$bbibmp13.200404.2.aa
=SRC  \\$aMOP02$bbibm2.200404.2.aa

