=LDR  01611 am a2200529ua 4500
=001  007218120
=003  Uk
=005  20160819210700.0
=008  040310s2004\\\\xxu\\\\||\\\\\000\||eng\\
=010  \\$a2003021964
=015  \\$aGBA4Z0824$2bnb
=019  y\$abA4Z0824
=019  9\$a0916397890
=019  1\$abld00N4196
=020  \\$a0916397890 (pbk.)
=039  0\$a2779
=040  \\$aDLC$cDLC$dUk
=082  04$a811.6$222
=100  1\$aTea, Michelle.
=245  14$aThe beautiful :$bcollected poems /$cMichelle Tea.
=260  \\$aSan Francisco, Calif. :$bManic D Press,$cc2004.
=300  \\$a226 p. ;$c22 cm.
=336  \\$atext$2rdacontent
=337  \\$aunmediated$2rdamedia
=338  \\$avolume$2rdacarrier
=650  \0$aLesbians$vPoetry.
=651  \0$aSan Francisco (Calif.)$vPoetry.
=852  41$aBritish Library$bHMNTS$jYD.2004.a.2466
=852  41$aBritish Library$bHMNTS
=856  41$uhttp://www.loc.gov/catdir/toc/ecip049/2003021964.html$zTable of contents
=916  \\$a100=NOTNAL
=957  \\$a040301p
=957  \\$r05/03/2004
=CAT  \\$aCONV$b00$c20040425$lBLL90$h0721
=CAT  \\$aCONV$b00$c20040502$lBLL01$h1212
=CAT  \\$aBATCH$b00$c20081222$lBLL01$h1012
=CAT  \\$aBATCH$b00$c20081222$lBLL01$h1143
=CAT  \\$aBATCH$b00$c20091118$lBLL01$h2244
=CAT  \\$aBATCH-UPD$b00$c20160819$lBLL01$h2107
=FIN  \\$aY
=FMT  \\$a  BK
=LAS  \\$aBATCH-UPD$b00$c20160819$lBLL01$h2107
=LEO  \\$aMP5.0000321861
=LEO  \\$aMP13.0000142909
=SRC  \\$aBNB03$bbibmp5.200404.2.aa
=SRC  \\$aHSS01$bbibmp13.200404.2.aa
=SRC  \\$aMOP02$bbibm2.200404.2.aa

