=LDR  01315 am a2200409ua 4500
=001  007218125
=003  Uk
=005  20091118224400.0
=008  040315s2004\\\\xxu\\\\||\\\\\000\p|eng\\
=010  \\$a2003055095
=019  1\$abld00N4201
=020  \\$a1566891485 (pbk.)
=040  \\$aDLC$cDLC$dUk
=082  04$a811.6$222
=100  1\$aTaniguchi, Yuko,$d1975-
=245  10$aForeign wife elegy :$bpoems /$cby Yuko Taniguchi.
=260  \\$aMinneapolis, Minn. :$bCoffee House Press,$c2004.
=300  \\$a78 p. ;$c23 cm.
=336  \\$atext$2rdacontent
=337  \\$aunmediated$2rdamedia
=338  \\$avolume$2rdacarrier
=650  \0$aJapanese American women$vPoetry.
=651  \0$aHiroshima-shi (Japan)$xHistory$yBombardment, 1945$vPoetry.
=852  41$aBritish Library$bHMNTS$jYD.2004.a.2520
=852  41$aBritish Library$bHMNTS
=856  42$uhttp://www.loc.gov/catdir/description/cons041/2003055095.html$zPublisher description
=957  \\$a040301p
=957  \\$r05/03/2004
=CAT  \\$aCONV$b00$c20040425$lBLL90$h0721
=CAT  \\$aCONV$b00$c20040502$lBLL01$h1212
=CAT  \\$aBATCH$b00$c20091118$lBLL01$h2244
=FIN  \\$aY
=FMT  \\$a  BK
=LAS  \\$aBATCH$b00$c20091118$lBLL01$h2244
=LEO  \\$aMP13.0000142914
=SRC  \\$aHSS01$bbibmp13.200404.2.aa
=SRC  \\$aMOP02$bbibm2.200404.2.aa

