=LDR  01213 am a2200397ua 4500
=001  007218127
=003  Uk
=005  20160914202400.0
=008  040310s2003\\\\xxu\\\\||\\\\\000\p|eng\\
=019  1\$abld00N4205
=020  \\$a1931337047 (cased)
=020  \\$a1931337063 (pbk.)
=040  \\$aDLC$cDLC$dUk
=082  04$a811.54$222
=100  1\$aMattawa, Khaled.
=245  10$aZodiac of echoes /$cKhaled Mattawa.
=260  \\$aKeene, N.Y. :$bAusable Press,$c2003.
=300  \\$a110 p. ;$c24 cm.
=336  \\$atext$2rdacontent
=337  \\$aunmediated$2rdamedia
=338  \\$avolume$2rdacarrier
=852  41$aBritish Library$bHMNTS$jYD.2004.a.2463
=852  41$aBritish Library$bHMNTS
=856  41$uhttp://www.loc.gov/catdir/toc/ecip045/2003013779.html$zTable of contents
=957  \\$a040301p
=957  \\$r05/03/2004
=CAT  \\$aCONV$b00$c20040425$lBLL90$h0721
=CAT  \\$aCONV$b00$c20040502$lBLL01$h1212
=CAT  \\$aBATCH$b00$c20091118$lBLL01$h2244
=CAT  \\$aBATCH-UPD$b00$c20160914$lBLL01$h2024
=FIN  \\$aY
=FMT  \\$a  BK
=LAS  \\$aBATCH-UPD$b00$c20160914$lBLL01$h2024
=LEO  \\$aMP13.0000142916
=SRC  \\$aHSS01$bbibmp13.200404.2.aa
=SRC  \\$aMOP02$bbibm2.200404.2.aa

