=LDR  01666 am a2200469ua 4500
=001  007218341
=003  Uk
=005  20170830182600.0
=008  040317s2003\\\\xxua\\\||c\\\\000\||eng\\
=010  \\$a2003008140
=019  1\$abld00N4665
=020  \\$a0915977508
=040  \\$aDLC$cDLC$dUk
=245  00$aComing home :$bAmerican paintings, 1930-1950, from the Schoen Collection.
=260  \\$aAthens, Ga. :$bGeorgia Museum of Art,$cc2003.
=300  \\$a339 p. :$bcol. ill. ;$c31 cm.
=336  \\$atext$2rdacontent
=337  \\$aunmediated$2rdamedia
=338  \\$avolume$2rdacarrier
=500  \\$aCatalog of a traveling exhibition.
=504  \\$aIncludes bibliographical references.
=600  14$aSchoen, Jason,$d1958-$xArt collections$vExhibitions.
=650  \0$aPainting, American$y20th century$vExhibitions.
=650  \0$aRealism in art$zUnited States$vExhibitions.
=650  \0$aNational characteristics in art$vExhibitions.
=650  \0$aPainting$xPrivate collections$zCalifornia$vExhibitions.
=710  2\$aGeorgia Museum of Art.
=852  41$aBritish Library$bHMNTS$jYD.2004.b.510
=852  41$aBritish Library$bHMNTS
=856  41$uhttp://www.loc.gov/catdir/toc/ecip042/2003008140.html$zTable of contents
=957  \\$a040301p
=957  \\$r11/03/2004
=CAT  \\$aCONV$b00$c20040425$lBLL90$h0721
=CAT  \\$aCONV$b00$c20040502$lBLL01$h1212
=CAT  \\$aBATCH$b00$c20091118$lBLL01$h2244
=CAT  \\$aBATCH-UPD$b00$c20170830$lBLL01$h1826
=FIN  \\$aY
=FMT  \\$a  BK
=LAS  \\$aBATCH-UPD$b00$c20170830$lBLL01$h1826
=LEO  \\$aMP13.0000143135
=SRC  \\$aHSS01$bbibmp13.200404.2.aa
=SRC  \\$aMOP02$bbibm2.200404.2.aa

