=LDR  02738cam a22006497i 4500
=001  018865760
=003  Uk
=005  20230924061330.0
=008  160425s2017\\\\nyua\\\\\b\\\i000\0\eng\\
=016  7\$a018865760$2Uk
=020  \\$a9789211171488
=020  \\$z9789213628973$qeISBN
=020  \\$a9211171482
=035  \\$a(OCoLC)1028720664
=040  \\$aAU@$beng$cAU@$dOCLCO$dOCLCF$dCOD$erda
=082  04$a621.48335$223
=086  \\$aECE/ENERGY/111$2undocs
=245  00$aGuidelines for Application of the United Nations Framework Classification for Resosurces (UNFC) to uranium and thorium Resources /$cPrepared by the ECE Expert Group on Resource Classification.
=264  \1$aNew York :$bUnited Nations,$c[2017]
=264  \4$c©2017
=300  \\$avi, 64 pages :$billustrations (colour) ;$c30 cm.
=336  \\$atext$2rdacontent
=337  \\$aunmediated$2rdamedia
=338  \\$avolume$2rdacarrier
=490  1\$aUNECE Energy series,$x1014-7225 ;$v55
=500  \\$a"ECE/ENERGY/111"--verso of title page.
=500  \\$a"United Nations publication. Sales No. E.18.II.E.2"--verso of title page.
=500  \\$aUnited Nations publication issued by the Economic Commission for Europe.
=504  \\$aIncludes bibliographical references.
=530  \\$aAlso available online.
=540  \\$aBritish Library not licensed to copy$c0$5Uk
=650  \0$aNuclear fuels$xClassification$xStandards$vCase studies.
=650  \0$aUranium as fuel$xClassification$xStandards$vCase studies.
=650  \0$aThorium$xClassification$xStandards$vCase studies.
=655  \7$aCase studies.$2fast$0(OCoLC)fst01423765
=710  2\$aUnited Nations,$epublisher.
=710  2\$aUnited Nations.$bEconomic Commission for Europe,$epublisher.
=710  2\$aUNECE Expert Group on Resource Classification.
=830  \0$aECE energy series ;$vno. 55.
=852  41$aBritish Library$bHMNTS$jOPB.9.x.216
=852  41$aBritish Library$bHMNTS$jUNA 222A/6
=852  41$aBritish Library$bDSC$j3647.344550
=852  41$aBritish Library$bHMNTS
=852  41$aBritish Library$bHMNTS$jOPB.2018.x.296
=856  41$uhttps://www.unece.org/fileadmin/DAM/energy/images/pub/1734723E_WEB.pdf$zConnect to online resource
=CAT  \\$a8411$b40$c20180509$lBLL01$h1646
=CAT  \\$a11070$b40$c20180516$lBLL01$h1129
=CAT  \\$a11070$b40$c20180516$lBLL01$h1321
=CAT  \\$aBATCH-016$c20180718$lBLL01$h2158
=CAT  \\$aBATCH-CLA$b00$c20180719$lBLL01$h0111
=CAT  \\$aW2308-1659$c20230923$lBLL01$h0956
=CAT  \\$aBATCH-CLA$b00$c20230924$lBLL01$h0613
=CFI  0\$aBritish Library not licensed to copy$c0$e07-sep-2011$hC$iTX$5Uk
=FIN  \\$aY$d20180516
=FMT  \\$a  BK
=LAS  \\$aBATCH-CLA$b00$c20230924$lBLL01$h0613
=SID  \\$aZ39$bOCLC

