=LDR  03188cam a22006737i 4500
=001  016604641
=003  Uk
=005  20230924062431.0
=008  140107s2013\\\\vauab\\\\b\\\|000\0|eng\c
=020  \\$a9780939950928 (paperback)
=020  \\$a0939950928 (paperback)
=035  \\$a(OCoLC)867639946
=040  \\$aSBM$beng$cSBM$dXFF$dIQU$dUk$erda
=042  \\$aukblderived
=050  \4$aQE516.C37$bG458 2013
=082  04$a628.53$223$qUK-WkNB
=245  00$aGeochemistry of geologic CO₂ sequestration /$ceditors, Donald J. DePaolo (Lawrence Berkeley National Laboratory, Berkeley, California), David R. Cole (The Ohio State University, Columbus, Ohio), Alexandra Navrotsky (University of California Davis, Davis, California), Ian C. Bourg (Lawrence Berkeley National Laboratory, Berkeley, California).
=246  3\$aGeochemistry of geologic carbon dioxide sequestration
=264  \1$aChantilly, Virginia :$bMineralogical Society of America ;$a[St. Louis, Missouri] :$bGeochemical Society,$c[2013]
=264  \4$c©2013
=300  \\$axiv, 539 pages :$billustrations (some color), maps ;$c23 cm.
=336  \\$atext$2rdacontent
=337  \\$aunmediated$2rdamedia
=338  \\$avolume$2rdacarrier
=490  0\$aReviews in mineralogy and geochemistry,$x1529-6466 ;$vvolume 77
=500  \\$aAll supplemental materials associated with this volume can be found at the MSA website: www.minsocam.org/MSA/RIM. Errata will be posted there as well.
=504  \\$aIncludes bibliographical references.
=540  \\$aCurrent Copyright Fee: GBP2.96$c0$5Uk
=650  \0$aGeological carbon sequestration.
=650  \0$aGeochemistry.
=700  1\$aDePaolo, Donald J.,$d1951-$eeditor of compilation,$eauthor.
=700  1\$aCole, David R.$q(David Robert),$eeditor of compilation,$eauthor.
=700  1\$aNavrotsky, Alexandra,$eeditor of compilation,$eauthor.
=700  1\$aBourg, Ian C.,$eeditor of compilation,$eauthor.
=710  2\$aMineralogical Society of America,$epublisher.
=710  2\$aGeochemical Society,$epublisher.
=852  11$aBritish Library$bSTI$k(P)$h553.6$m-E(1)
=852  71$aBritish Library$bSTI
=852  41$aBritish Library$bDSC$j7793.125000
=856  40$uhttp://rimg.geoscienceworld.org/content/vol77/issue1/?etoc$zGeoScienceWorld
=985  \\$aCorrected by MS generated file for WR# 14.056
=CAT  \\$a7233$b40$c20140115$lBLL01$h0934
=CAT  \\$aBATCH-CLA$b00$c20140116$lBLL01$h0040
=CAT  \\$a8980$b40$c20140117$lBLL01$h1217
=CAT  \\$aBATCH-CLA$b00$c20140118$lBLL01$h0037
=CAT  \\$aBLSS-CORR$b00$c20140519$lBLL01$h1857
=CAT  \\$aBATCH-CLA$b00$c20140520$lBLL01$h0043
=CAT  \\$aBATCH-CLA$b00$c20140628$lBLL01$h1333
=CAT  \\$aIPL-CLA$c20140630$lBLL01$h1802
=CAT  \\$aBATCH-UPD$b00$c20150907$lBLL01$h1400
=CAT  \\$aBATCH-UPD$b00$c20160621$lBLL01$h0838
=CAT  \\$aBATCH-CLA$b00$c20160622$lBLL01$h0213
=CAT  \\$aW2308-1659$c20230923$lBLL01$h1023
=CAT  \\$aBATCH-CLA$b00$c20230924$lBLL01$h0624
=CFI  0\$aCurrent Copyright Fee: GBP2.96$c0$e01-jan-2022$fGBP2.96$g0$hC$5Uk
=FIN  \\$aY$d20140117
=FMT  \\$a  BK
=LAS  \\$aBATCH-CLA$b00$c20230924$lBLL01$h0624
=SID  \\$aZ39$bOCLC

