=LDR  03053cam a2200649 a 4500
=001  013710343
=003  Uk
=005  20100609152705.0
=008  050812m20049999at\ab\\\\s\\\s000\0\eng\d
=010  \\$a  2005434950$z  2005434949$z  2005434948$z  2005434947$z  2005434941$z  2005434940$z  2005434942$z  2005434960$z  2005434938$z  2005434955$z  2005434954$z  2005434943$z  2005434939
=040  \\$aWLB$beng$cWLB$dDLC$dUk
=042  \\$aukblsr
=043  \\$au-at-we
=050  00$aHA3007.W47$bW467 2004
=082  04$a305.89159309941$222
=245  00$aWestern Australian community profiles, 2001 census /$cOffice of Multicultural Interests, Government of Western Australia.
=246  30$aCommunity profiles, 2001 census
=260  \\$aPerth, W.A. :$bOffice of Multicultural Interests,$cc2004-
=300  \\$av. :$bill., maps ;$c30 cm.
=336  \\$atext$2rdacontent
=337  \\$aunmediated$2rdamedia
=338  \\$avolume$2rdacarrier
=500  \\$aTitle from cover.
=505  1\$a[1] Afghanistan-born -- [2] Bosnia and Herzegovina-born -- [3] China-born -- [4] Croatia-born -- [5] Germany-born -- [6] Horn of Africa-born (Somalia, Sudan, Eritrea, and Ethiopia born) -- [7] India-born -- [8] Indonesia-born -- [9] Iraq-born -- [10] Italy-born -- [11] Malaysia-born -- [12] Netherlands-born -- [13] Poland-born -- [14] Vietnam-born.
=530  \\$aAlso available as an electronic version via the Internet.
=650  \0$aEthnic groups$zWestern Australia$vStatistics.
=650  \0$aMinorities$zWestern Australia$vStatistics.
=651  \0$aWestern Australia$xCensus, 2001.
=651  \0$aWestern Australia$xPopulation$vStatistics.
=690  7\$aSocial Welfare$2blcoll
=710  1\$aWestern Australia.$bOffice of Multicultural Interests.
=852  41$aBritish Library$bOC
=852  41$aBritish Library$bHMNTS$jOPH.2010.x.17
=852  41$aBritish Library$bHMNTS$jOPH.2010.x.16
=852  41$aBritish Library$bHMNTS$jOPH.2010.x.15
=852  41$aBritish Library$bHMNTS$jOPH.2010.x.14
=852  41$aBritish Library$bHMNTS$jOPH.2010.x.13
=852  41$aBritish Library$bHMNTS$jOPH.2010.x.12
=852  41$aBritish Library$bHMNTS$jOPH.2010.x.11
=852  41$aBritish Library$bHMNTS$jOPH.2010.x.10
=852  41$aBritish Library$bHMNTS$jOPH.2010.x.9
=852  41$aBritish Library$bHMNTS$jOPH.2010.x.8
=852  41$aBritish Library$bHMNTS$jOPH.2010.x.7
=852  41$aBritish Library$bHMNTS$jOPH.2010.x.6
=852  41$aBritish Library$bHMNTS$jOPH.2010.x.5
=856  4\$uhttp://www.omi.wa.gov.au/OMI_Publications.asp$zAccess the document in pdf format on the publisher's website
=CAT  \\$a5703$b40$c20070404$lBLL01$h1459
=CAT  \\$a11250$b40$c20100608$lBLL01$h0929
=CAT  \\$a11250$b40$c20100609$lBLL01$h1527
=CAT  \\$aBATCH$b00$c20110625$lBLL01$h0527
=CAT  \\$aBATCH-SWP4$c20110627$lBLL01$h1610
=CAT  \\$aW2308-1659$c20230923$lBLL01$h1037
=CAT  \\$aBATCH-UPD$b00$c20230925$lBLL01$h1600
=FIN  \\$aY$d20100608
=FMT  \\$a  BK
=LAS  \\$aBATCH-UPD$b00$c20230925$lBLL01$h1600
=SRC  \\$aBLL02

