=LDR  01666 am a22004337a 4500
=001  015796094
=003  Uk
=005  20110420153652.0
=008  100129s2010\\\\sw\\\\\\\b\\\\000\0\eng\d
=020  \\$a9789197808217 (pbk.)
=020  \\$a9197808210 (pbk.)
=035  \\$a(OCoLC)617579825
=040  \\$aS3O$bswe$cS3O$dUk
=084  \\$aOhja-oea$2kssb/8
=100  1\$aGaetano, Arianne.
=245  10$aSingle women in urban China and the "unmarried crisis" :$bgender resilience and gender transformation /$cArianne Gaetano.
=260  \\$aLund :$bCentre for East and South-East Asian Studies, Lund University,$c2010.
=300  \\$a20 p. ;$c24 cm.
=336  \\$atext$2rdacontent
=337  \\$aunmediated$2rdamedia
=338  \\$avolume$2rdacarrier
=490  0\$aWorking papers in contemporary Asian studies,$x1652-4128 ;$v31
=504  \\$aIncludes bibliographical references.
=540  \\$aBritish Library not licensed to copy$c0$5Uk
=710  2\$aLunds universitet.$bCentrum för öst- och sydöstasienstudier.
=852  41$aBritish Library$bDSC$j9350.406500
=852  41$aBritish Library$bOC
=856  41$uhttp://www.ace.lu.se/upload/Syd_och_sydostasienstudier/pdf/Gaetano.pdf$zFulltext
=CAT  \\$a7233$b40$c20110420$lBLL01$h1315
=CAT  \\$a11070$b40$c20110420$lBLL01$h1536
=CAT  \\$aBATCH-CLA$b00$c20120928$lBLL01$h1840
=CAT  \\$aBATCH-CLA$b00$c20120930$lBLL01$h1053
=CAT  \\$aBATCH-CLA$b00$c20130508$lBLL01$h0742
=CFI  0\$aBritish Library not licensed to copy$c0$e07-sep-2011$hC$iTX$5Uk
=FIN  \\$aY$d20110420
=FMT  \\$a  BK
=LAS  \\$aBATCH-CLA$b00$c20130508$lBLL01$h0742
=SID  \\$aZ39$bOCLC
=TCO  \\$aXXX$c008

