=LDR  03675cam a2200865 a 4500
=001  015956527
=003  Uk
=005  20221231230939.0
=008  110901s2012\\\\ne\ab\\\\b\\\\000\0\eng\\
=010  \\$a  2011035557
=015  \\$aGBB1C4807$2bnb
=016  7\$a015956527$2Uk
=020  \\$a9789004176454 (hbk.) :$cNo price
=020  \\$a9004176454 (hbk.) :$cNo price
=035  \\$a(OCoLC)ocn752909951
=040  \\$aStDuBDS$beng$cStDuBDS$dUk
=042  \\$aukblcatcopy
=043  \\$aa-is---
=050  00$aDS110.A38$bE43 2012
=082  00$a933.46$223
=245  00$aEl-Ahwat :$ba fortified site from the early Iron Age near Nahal 'Iron, Israel : excavations 1993-2000 /$cedited by Adam Zertal ; with contributions by Shay Bar ... [et al.].
=260  \\$aLeiden ;$aBoston :$bBrill,$c2012.
=300  \\$axix, 485 p. :$bill., maps ;$c25 cm.
=336  \\$atext$2rdacontent
=337  \\$aunmediated$2rdamedia
=338  \\$avolume$2rdacarrier
=490  0\$aCulture and history of the ancient Near East ;$vv. 24
=500  \\$aFormerly CIP.$5Uk
=504  \\$aIncludes bibliographical references (p. [436]-468).
=505  20$gpt. 1.$tStratigraphy, architecture, and chronology --$gpt. 2.$tThe finds --$gpt. 3.$tEconomy and environment --$gpt. 4.$tConclusions.
=540  \\$aCurrent Copyright Fee: GBP25.00$c0$5Uk
=650  \0$aExcavations (Archaeology)$zIsrael.
=650  \0$aIron age$zIsrael$xAntiquities.
=650  \0$aSea Peoples$zIsrael.
=650  \0$aNuraghi culture$zIsrael.
=651  \0$aAhwat Site (Israel)
=651  \0$aIsrael$xAntiquities.
=655  \4$aAufsatzsammlung.
=700  1\$aZertal, Adam.
=852  41$aBritish Library$bDSC$j3491.668592
=852  41$aBritish Library$bHMNTS$jZA.9.a.10702(....)
=852  41$aBritish Library$bHMNTS
=852  41$aBritish Library$bHMNTS$jZA.9.a.10702(24)
=856  \\$uhttp://bvbr.bib-bvb.de:8991/F?func=service&doc_library=BVB01&doc_number=024635058&line_number=0001&func_code=DB_RECORDS&service_type=MEDIA$zInhaltsverzeichnis
=ACF  \\$aPrevious copyright fee: GBP12.00$c0$e01-jan-2012$fGBP12.00$g0$hA$5Uk
=ACF  \\$aPrevious Copyright Fee: GBP12.30$c0$e01-jan-2014$fGBP12.30$g0$hA$5Uk
=ACF  \\$aPrevious Copyright Fee: GBP15.00$c0$e01-jan-2017$fGBP15.00$g0$hA$5Uk
=ACF  \\$aPrevious Copyright Fee: GBP20.00$c0$e01-jan-2020$fGBP20.00$g0$hA$5Uk
=CAT  \\$aBATCH-CIPN$b00$c20111025$lBLL01$h1701
=CAT  \\$a9504$b40$c20111129$lBLL01$h1208
=CAT  \\$aBATCH-CLA$b00$c20120928$lBLL01$h1822
=CAT  \\$aBATCH-CLA$b00$c20120930$lBLL01$h1021
=CAT  \\$a6632$b40$c20121030$lBLL01$h1640
=CAT  \\$aBATCH-CLA$b00$c20130508$lBLL01$h0700
=CAT  \\$aBATCH-CLA$c20131220$lBLL01$h2114
=CAT  \\$aIPL-CLA$c20140101$lBLL01$h0152
=CAT  \\$aBATCH-CLA$b00$c20161222$lBLL01$h1834
=CAT  \\$aIPL-CLA$c20161230$lBLL01$h2358
=CAT  \\$aBATCH-CLA$b00$c20171222$lBLL01$h2209
=CAT  \\$aIPL-CLA$c20171231$lBLL01$h1810
=CAT  \\$aBATCH-CLA$b00$c20191219$lBLL01$h1757
=CAT  \\$aIPL-CLA$c20191231$lBLL01$h2029
=CAT  \\$aR2001-1524$c20200127$lBLL01$h2054
=CAT  \\$aBATCH-CLA$b00$c20200128$lBLL01$h0354
=CAT  \\$aBATCH-CLA$b00$c20201204$lBLL01$h1607
=CAT  \\$aIPL-CLA$c20201231$lBLL01$h2330
=CAT  \\$aBATCH-CLA$b00$c20221221$lBLL01$h1923
=CAT  \\$aIPL-CLA$c20221231$lBLL01$h2309
=CFI  0\$aCurrent Copyright Fee: GBP25.00$c0$e01-jan-2023$fGBP25.00$g0$hA$5Uk
=CFI  2\$aPrevious Copyright Fee: GBP22.50$c0$e01-jan-2021$fGBP22.50$g0$hA$5Uk
=FIN  \\$aY$d20111129
=FMT  \\$a  BK
=LAS  \\$aIPL-CLA$b00$c20221231$lBLL01$h2309
=SRC  \\$aBLL02
=TCO  \\$aNLD$bSTICHTING REPRORECHT$c008

