=LDR  03703cam a2200889 a 4500
=001  015993775
=003  Uk
=005  20221231231101.0
=008  110803s2011\\\\ne\a\\\\\b\\\\001\0\eng\\
=010  \\$a2011032359  
=015  \\$aGBB278819$2bnb
=016  7\$a015993775$2Uk
=020  \\$a9789027224460 (hardback : alk. paper)
=020  \\$a9027224463 (hardback : alk. paper)
=020  \\$a9789027283924 (eb)
=020  \\$a9027283923 (eb)
=035  \\$a(OCoLC)ocn745980444
=040  \\$aDLC$cDLC$dYDX$dBTCTA$dCDX$dYDXCP$dBWX$dUKMGB$dDEBBG$dDLC$dUk
=042  \\$aukblcatcopy
=050  00$aP306.2$b.P43 2011
=082  00$a418.03791$223
=084  \\$aAP 37560$2rvk
=100  1\$aPedersen, Jan.
=245  10$aSubtitling norms for television :$ban exploration focussing on extralinguistic cultural references /$cJan Pedersen.
=260  \\$aAmsterdam ;$aPhiladelphia :$bJohn Benjamins Pub. Co.,$cc2011.
=300  \\$aix, 242 p. :$bill. ;$c25 cm.
=336  \\$atext$2rdacontent
=337  \\$aunmediated$2rdamedia
=338  \\$avolume$2rdacarrier
=490  1\$aBenjamins translation library : EST subseries ;$vv. 98
=504  \\$aIncludes bibliographical references and index.
=540  \\$aCurrent Copyright Fee: GBP25.00$c0$5Uk
=650  \0$aTranslating and interpreting.
=650  \0$aMass media and language.
=650  \0$aTelevision programs$xTitling.
=650  \0$aLanguage and culture.
=650  \0$aDiscourse analysis.
=830  \0$aBenjamins translation library.$pEST subseries ;$vv. 98.
=852  41$aBritish Library$bHMNTS$jZA.9.a.6257 (.......)
=852  41$aBritish Library$bDSC$j1892.044100
=852  41$aBritish Library$bHMNTS
=852  41$aBritish Library$bHMNTS$jZA.9.a.6257(98)
=852  41$aBritish Library$bHMNTS$jYK.2012.a.22017
=856  \\$uhttp://bvbr.bib-bvb.de:8991/F?func=service&doc_library=BVB01&doc_number=024502670&line_number=0001&func_code=DB_RECORDS&service_type=MEDIA$zInhaltsverzeichnis
=ACF  \\$aPrevious copyright fee: GBP12.00$c0$e01-jan-2012$fGBP12.00$g0$hA$5Uk
=ACF  \\$aPrevious Copyright Fee: GBP12.30$c0$e01-jan-2014$fGBP12.30$g0$hA$5Uk
=ACF  \\$aPrevious Copyright Fee: GBP15.00$c0$e01-jan-2017$fGBP15.00$g0$hA$5Uk
=ACF  \\$aPrevious Copyright Fee: GBP20.00$c0$e01-jan-2020$fGBP20.00$g0$hA$5Uk
=BUF  \\$aN2$d20111217
=CAT  \\$a7233$b40$c20111217$lBLL01$h1119
=CAT  \\$a12324$b40$c20120106$lBLL01$h1104
=CAT  \\$aBATCH-BUOC$b00$c20120531$lBLL01$h2216
=CAT  \\$a8202$b40$c20120811$lBLL01$h0747
=CAT  \\$aBATCH-CLA$b00$c20120928$lBLL01$h1835
=CAT  \\$aBATCH-CLA$b00$c20120930$lBLL01$h1044
=CAT  \\$aBATCH-CLA$b00$c20130508$lBLL01$h0730
=CAT  \\$aBATCH-CLA$c20131220$lBLL01$h2115
=CAT  \\$aIPL-CLA$c20140101$lBLL01$h0154
=CAT  \\$aBATCH-CLA$b00$c20161222$lBLL01$h1834
=CAT  \\$aIPL-CLA$c20161230$lBLL01$h2359
=CAT  \\$aBATCH-CLA$b00$c20171222$lBLL01$h2209
=CAT  \\$aIPL-CLA$c20171231$lBLL01$h1811
=CAT  \\$aBATCH-CLA$b00$c20191219$lBLL01$h1757
=CAT  \\$aIPL-CLA$c20191231$lBLL01$h2030
=CAT  \\$aR2001-1524$c20200127$lBLL01$h2055
=CAT  \\$aBATCH-CLA$b00$c20200128$lBLL01$h0437
=CAT  \\$aBATCH-CLA$b00$c20201204$lBLL01$h1607
=CAT  \\$aIPL-CLA$c20201231$lBLL01$h2330
=CAT  \\$aBATCH-CLA$b00$c20221221$lBLL01$h1923
=CAT  \\$aIPL-CLA$c20221231$lBLL01$h2311
=CFI  0\$aCurrent Copyright Fee: GBP25.00$c0$e01-jan-2023$fGBP25.00$g0$hA$5Uk
=CFI  2\$aPrevious Copyright Fee: GBP22.50$c0$e01-jan-2021$fGBP22.50$g0$hA$5Uk
=FIN  \\$aY$d20111217
=FMT  \\$a  BK
=LAS  \\$aIPL-CLA$b00$c20221231$lBLL01$h2311
=SRC  \\$aBLL02
=TCO  \\$aNLD$bSTICHTING REPRORECHT$c008

