=LDR  03721cam a22008057a 4500
=001  016004413
=003  Uk
=005  20221231231129.0
=008  110923t20112011fr\\\\\\\b\\\\001\0bfre\c
=020  \\$a9782848673936
=020  \\$a2848673931
=035  \\$a(OCoLC)754216404
=040  \\$aCGU$beng$cCGU$dTZT$dDEBBG$dUk$erda
=042  \\$aukblderived
=050  \4$aPQ6652.A7$bZ89 2011
=082  14$a861$21
=100  1\$aThiollière, Pierre.
=245  10$aCarlos Barral poète :$bla nature et la mer, miroirs du moi /$cPierre Thiollière.
=260  \\$aBesançon :$bPresses universitaires de Franche-Comté,$cc2011.
=300  \\$a340 p. ;$c22 cm.
=336  \\$atext$2rdacontent
=337  \\$aunmediated$2rdamedia
=338  \\$avolume$2rdacarrier
=490  1\$aAnnales littéraires de l'Université de Franche-Comté ;$vno 889
=490  1\$aSérie Littérature et histoire des pays de langues européennes ;$vno 85
=504  \\$aIncludes bibliographical references and index.
=540  \\$aCurrent Copyright Fee: GBP25.00$c0$5Uk
=600  10$aBarral, Carlos$xCriticism and interpretation.
=830  \0$aAnnales littéraires de l'Université de Franche-Comté ;$vno 889.
=830  \0$aSérie Littérature et histoire des pays de langues européennes ;$vno 85.
=852  41$aBritish Library$bDSC$j0981.060000
=852  41$aBritish Library$bHMNTS$jAc.282/6[No.......]
=852  41$aBritish Library$bHMNTS
=852  41$aBritish Library$bHMNTS$jAc.282/6[No. 889]
=856  \\$uhttp://bvbr.bib-bvb.de:8991/F?func=service&doc_library=BVB01&doc_number=024539765&line_number=0001&func_code=DB_RECORDS&service_type=MEDIA$zInhaltsverzeichnis
=856  \\$uhttp://bvbr.bib-bvb.de:8991/F?func=service&doc_library=BVB01&doc_number=024539765&line_number=0002&func_code=DB_RECORDS&service_type=MEDIA$zKlappentext
=856  \\$uhttp://bvbr.bib-bvb.de:8991/F?func=service&doc_library=BVB01&doc_number=024539765&line_number=0003&func_code=DB_RECORDS&service_type=MEDIA$zBuchcover
=ACF  \\$aPrevious copyright fee: GBP12.00$c0$e01-jan-2012$fGBP12.00$g0$hA$5Uk
=ACF  \\$aPrevious Copyright Fee: GBP12.30$c0$e01-jan-2014$fGBP12.30$g0$hA$5Uk
=ACF  \\$aPrevious Copyright Fee: GBP15.00$c0$e01-jan-2017$fGBP15.00$g0$hA$5Uk
=CAT  \\$a9504$b40$c20120110$lBLL01$h1451
=CAT  \\$c20120214$lBLL01$h1056
=CAT  \\$aBATCH-CLA$b00$c20120928$lBLL01$h1831
=CAT  \\$aBATCH-CLA$b00$c20120930$lBLL01$h1035
=CAT  \\$aBATCH-CLA$b00$c20130508$lBLL01$h0721
=CAT  \\$aBATCH-CLA$c20131220$lBLL01$h2115
=CAT  \\$aIPL-CLA$c20140101$lBLL01$h0155
=CAT  \\$aBATCH-UPD$b00$c20141011$lBLL01$h2333
=CAT  \\$aBATCH-UPD$b00$c20150904$lBLL01$h0844
=CAT  \\$aBATCH-CLA$b00$c20161222$lBLL01$h1834
=CAT  \\$aIPL-CLA$c20161230$lBLL01$h2359
=CAT  \\$aBATCH-CLA$b00$c20171222$lBLL01$h2209
=CAT  \\$aIPL-CLA$c20171231$lBLL01$h1811
=CAT  \\$aBATCH-CLA$b00$c20191219$lBLL01$h1757
=CAT  \\$aIPL-CLA$c20191231$lBLL01$h2030
=CAT  \\$aR2001-1524$c20200127$lBLL01$h2055
=CAT  \\$aBATCH-CLA$b00$c20200128$lBLL01$h0428
=CAT  \\$aBATCH-CLA$b00$c20201204$lBLL01$h1608
=CAT  \\$aIPL-CLA$c20201231$lBLL01$h2331
=CAT  \\$aBATCH-UPD$b00$c20220804$lBLL01$h2048
=CAT  \\$aBATCH-CLA$b00$c20220805$lBLL01$h0114
=CAT  \\$aBATCH-CLA$b00$c20221221$lBLL01$h1924
=CAT  \\$aIPL-CLA$c20221231$lBLL01$h2311
=CFI  0\$aCurrent Copyright Fee: GBP25.00$c0$e01-jan-2023$fGBP25.00$g0$hA$5Uk
=CFI  2\$aPrevious Copyright Fee: GBP22.50$c0$e01-jan-2021$fGBP22.50$g0$hA$5Uk
=FIN  \\$aY$d20120110
=FMT  \\$a  BK
=LAS  \\$aIPL-CLA$b00$c20221231$lBLL01$h2311
=SID  \\$aZ39$bOCLC
=TCO  \\$aFRA$bCFC$c008

