=LDR  03744cam a2200913 a 4500
=001  016038213
=003  Uk
=005  20221231231236.0
=008  110919s2012\\\\ne\a\\\\\b\\\\001\0\eng\\
=010  \\$a2011038485  
=015  \\$aGBB2A1062$2bnb
=016  7\$a016038213$2Uk
=020  \\$a9789027249029 (hc : alk. paper)
=020  \\$a9027249024 (hc : alk. paper)
=020  \\$a9789027281838 (electronic bk.)
=020  \\$a9027281831 (electronic bk.)
=035  \\$a(OCoLC)ocn754105689
=040  \\$aDLC$beng$cDLC$dYDX$dBTCTA$dYDXCP$dERASA$dOHX$dUKMGB$dDEBBG$dCOO$dUV0$dBWX$dDLC$dUk
=042  \\$aukblcatcopy
=043  \\$aas-----
=050  00$aPE3502.A83$bE54 2012
=082  00$a427.959$223
=084  \\$aHF 563$2rvk
=245  00$aEnglish in Southeast Asia :$bfeatures, policy and language in use /$cedited by Ee-Ling Low, Azirah Hashim.
=260  \\$aAmsterdam ;$aPhiladelphia :$bJohn Benjamins Pub. Co.,$cc2012.
=300  \\$axiv, 394 p. :$bill. ;$c25 cm.
=336  \\$atext$2rdacontent
=337  \\$aunmediated$2rdamedia
=338  \\$avolume$2rdacarrier
=490  0\$aVarieties of English around the world ;$vv. 42
=504  \\$aIncludes bibliographical references and index.
=540  \\$aCurrent Copyright Fee: GBP25.00$c0$5Uk
=650  \0$aEnglish language$xVariation$zSoutheast Asia.
=650  \0$aLanguage policy$zSoutheast Asia.
=650  \0$aLanguage planning$zSoutheast Asia.
=655  \4$aAufsatzsammlung.
=700  1\$aLow, Ee Ling.
=700  0\$aAzirah Hashim.
=852  41$aBritish Library$bDSC$j9146.530000
=852  41$aBritish Library$bHMNTS$jX.0909/1192(....)
=852  41$aBritish Library$bHMNTS
=852  41$aBritish Library$bHMNTS$jX.0909/1192
=852  41$aBritish Library$bHMNTS$jYC.2012.a.17573
=856  \\$uhttp://bvbr.bib-bvb.de:8991/F?func=service&doc_library=BVB01&doc_number=024715888&line_number=0001&func_code=DB_RECORDS&service_type=MEDIA$zInhaltsverzeichnis
=ACF  \\$aPrevious copyright fee: GBP12.00$c0$e01-jan-2012$fGBP12.00$g0$hA$5Uk
=ACF  \\$aPrevious Copyright Fee: GBP12.30$c0$e01-jan-2014$fGBP12.30$g0$hA$5Uk
=ACF  \\$aPrevious Copyright Fee: GBP15.00$c0$e01-jan-2017$fGBP15.00$g0$hA$5Uk
=BUF  \\$aN2$d20120228
=CAT  \\$a6098$b40$c20120228$lBLL01$h0941
=CAT  \\$a9504$b40$c20120228$lBLL01$h1146
=CAT  \\$aBATCH-BUOC$b00$c20120412$lBLL01$h2225
=CAT  \\$aBATCH-CLA$b00$c20120928$lBLL01$h1837
=CAT  \\$aBATCH-CLA$b00$c20120930$lBLL01$h1046
=CAT  \\$a5375$b40$c20121008$lBLL01$h1111
=CAT  \\$a5375$b40$c20121008$lBLL01$h1112
=CAT  \\$aBATCH-CLA$b00$c20130508$lBLL01$h0733
=CAT  \\$aBATCH-CLA$c20131220$lBLL01$h2116
=CAT  \\$aIPL-CLA$c20140101$lBLL01$h0157
=CAT  \\$aBATCH-CLA$b00$c20161222$lBLL01$h1834
=CAT  \\$aIPL-CLA$c20161231$lBLL01$h0001
=CAT  \\$aBATCH-CLA$b00$c20171222$lBLL01$h2210
=CAT  \\$aIPL-CLA$c20171231$lBLL01$h1812
=CAT  \\$aBATCH-CLA$b00$c20191219$lBLL01$h1757
=CAT  \\$aIPL-CLA$c20191231$lBLL01$h2030
=CAT  \\$aR2001-1524$c20200127$lBLL01$h2056
=CAT  \\$aBATCH-CLA$b00$c20200128$lBLL01$h0442
=CAT  \\$aBATCH-CLA$b00$c20201204$lBLL01$h1608
=CAT  \\$aIPL-CLA$c20201231$lBLL01$h2331
=CAT  \\$a8411$b40$c20220412$lBLL01$h1711
=CAT  \\$aBATCH-CLA$b00$c20220413$lBLL01$h0105
=CAT  \\$aBATCH-CLA$b00$c20221221$lBLL01$h1924
=CAT  \\$aIPL-CLA$c20221231$lBLL01$h2312
=CFI  0\$aCurrent Copyright Fee: GBP25.00$c0$e01-jan-2023$fGBP25.00$g0$hA$5Uk
=CFI  2\$aPrevious Copyright Fee: GBP22.50$c0$e01-jan-2021$fGBP22.50$g0$hA$5Uk
=FIN  \\$aY$d20120228
=FMT  \\$a  BK
=LAS  \\$aIPL-CLA$b00$c20221231$lBLL01$h2312
=SRC  \\$aBLL02
=TCO  \\$aNLD$bSTICHTING REPRORECHT$c008

