=LDR  04108cam a22009137a 4500
=001  016070120
=003  Uk
=005  20221231231413.0
=008  111004s2011\\\\it\ab\\\\bc\\\001\0\fre\c
=020  \\$a9782728308767 (pbk.)
=020  \\$a2728308764 (pbk.)
=035  \\$a(OCoLC)755734893
=040  \\$aNOC$cNOC$dTZT$dERASP$dAUXAM$dDEBBG$dUk
=042  \\$aukblderived
=043  \\$af-ti---
=045  \\$ad4i-
=050  \4$aCN730.T86$bB46 2011
=082  14$a471$21
=084  \\$a6,12$2ssgn
=100  1\$aBen Abdallah, Z.
=245  10$aCatalogue des inscriptions latines païennes inédites du Musée de Carthage /$cZeïneb Benzina Ben Abdallah et Leïla Ladjimi Sebaï.
=260  \\$a[Rome] :$bÉcole française de Rome,$c2011.
=300  \\$a400 p. :$bill., col. map ;$c28 cm.
=336  \\$atext$2rdacontent
=337  \\$aunmediated$2rdamedia
=338  \\$avolume$2rdacarrier
=490  1\$aCollection de l'École fraņcaise de Rome,$x0223-5099 ;$v443
=500  \\$a"Institut national du patrimoine de Tunisie"--Cover.
=504  \\$aIncludes bibliographical references (p. [311]-317) and indexes.
=540  \\$aCurrent Copyright Fee: GBP25.00$c0$5Uk
=610  20$aMusée national de Carthage$vCatalogs.
=650  \0$aInscriptions, Latin$zTunisia$zCarthage (Extinct city)$vCatalogs.
=650  07$aInschrift.$2swd
=651  \0$aCarthage (Extinct city)$xHistory$vSources.
=651  \0$aTunisia$xAntiquities.
=651  \7$aKarthago.$2swd
=700  1\$aLadjimi Sebaï, Leïla.
=710  2\$aMusée national de Carthage.
=710  2\$aMaʿhad al-Waṭanī lil-Turāth (Tunisia)
=830  \0$aCollection de l'École française de Rome ;$v443.
=852  41$aBritish Library$bDSC$j3310.417000
=852  41$aBritish Library$bHMNTS$jAc.5233.a.[....]
=852  41$aBritish Library$bHMNTS
=852  41$aBritish Library$bHMNTS$jAc.5233.a.[443]
=856  \\$uhttp://bvbr.bib-bvb.de:8991/F?func=service&doc_library=BVB01&doc_number=024677876&line_number=0001&func_code=DB_RECORDS&service_type=MEDIA$zInhaltsverzeichnis
=856  \\$uhttp://bvbr.bib-bvb.de:8991/F?func=service&doc_library=BVB01&doc_number=024677876&line_number=0002&func_code=DB_RECORDS&service_type=MEDIA$zKlappentext
=856  \\$uhttp://bvbr.bib-bvb.de:8991/F?func=service&doc_library=BVB01&doc_number=024677876&line_number=0003&func_code=DB_RECORDS&service_type=MEDIA$zBuchcover
=ACF  \\$aPrevious copyright fee: GBP12.00$c0$e01-jan-2012$fGBP12.00$g0$hA$5Uk
=ACF  \\$aPrevious Copyright Fee: GBP12.30$c0$e01-jan-2014$fGBP12.30$g0$hA$5Uk
=ACF  \\$aPrevious Copyright Fee: GBP15.00$c0$e01-jan-2017$fGBP15.00$g0$hA$5Uk
=ACF  \\$aPrevious Copyright Fee: GBP20.00$c0$e01-jan-2020$fGBP20.00$g0$hA$5Uk
=CAT  \\$a8197$b40$c20120419$lBLL01$h1410
=CAT  \\$a8197$b40$c20120419$lBLL01$h1411
=CAT  \\$a8411$b40$c20120726$lBLL01$h1704
=CAT  \\$aBATCH-CLA$b00$c20120928$lBLL01$h1839
=CAT  \\$aBATCH-CLA$b00$c20120930$lBLL01$h1050
=CAT  \\$aBATCH-CLA$b00$c20130508$lBLL01$h0738
=CAT  \\$aBATCH-CLA$c20131220$lBLL01$h2116
=CAT  \\$aIPL-CLA$c20140101$lBLL01$h0158
=CAT  \\$aBATCH-UPD$b00$c20140901$lBLL01$h1431
=CAT  \\$aBATCH-CLA$b00$c20161222$lBLL01$h1834
=CAT  \\$aIPL-CLA$c20161231$lBLL01$h0002
=CAT  \\$aBATCH-CLA$b00$c20171222$lBLL01$h2210
=CAT  \\$aIPL-CLA$c20171231$lBLL01$h1813
=CAT  \\$aBATCH-CLA$b00$c20191219$lBLL01$h1758
=CAT  \\$aIPL-CLA$c20191231$lBLL01$h2031
=CAT  \\$aR2001-1524$c20200127$lBLL01$h2056
=CAT  \\$aBATCH-CLA$b00$c20200128$lBLL01$h0448
=CAT  \\$aBATCH-CLA$b00$c20201204$lBLL01$h1608
=CAT  \\$aIPL-CLA$c20201231$lBLL01$h2332
=CAT  \\$aBATCH-CLA$b00$c20221221$lBLL01$h1924
=CAT  \\$aIPL-CLA$c20221231$lBLL01$h2314
=CFI  0\$aCurrent Copyright Fee: GBP25.00$c0$e01-jan-2023$fGBP25.00$g0$hA$5Uk
=CFI  2\$aPrevious Copyright Fee: GBP22.50$c0$e01-jan-2021$fGBP22.50$g0$hA$5Uk
=FIN  \\$aY$d20120419
=FMT  \\$a  BK
=LAS  \\$aIPL-CLA$b00$c20221231$lBLL01$h2314
=SID  \\$aZ39$bOCLC
=TCO  \\$aITA$bAIDRO / SIAE$c008

