=LDR  05856cam a22012137a 4500
=001  016133182
=003  Uk
=005  20230930114701.0
=006  m\\\\|\\\d\|\\\\\\
=007  co\cg|||||||||
=008  120120s2011\\\\oku||||\qb\\\\00|\0\eng\d
=020  \\$a9781588610126
=020  \\$a1588610128
=035  \\$a(OCoLC)773383411
=040  \\$aGIS$beng$cGIS$dYDXCP$dIXA$dUk
=042  \\$aukblsr
=043  \\$anm-----
=082  04$a553.2409723$223$qUK-WkNB
=245  00$aGeologic assessment of coal in the Gulf of Mexico Coastal Plain, U.S.A.$h[electronic resource] /$cedited by Peter D. Warwick ... [et al.].
=246  1\$iTitle on container:$aGeologic assessment of coal in the Gulf of Mexico Coastal Plain
=260  \\$aTulsa, Okla. :$bAAPGDatapages,$cc2011.
=300  \\$a1 CD-ROM :$bcol. ;$c4 3/4 in.
=336  \\$atext$2rdacontent
=337  \\$acomputer$2rdamedia
=338  \\$acomputer disc$2rdacarrier
=490  1\$aAAPG discovery series ;$vno. 14
=490  1\$aAAPG studies in geology ;$vno. 62
=500  \\$aTitle from PDF title screen.
=500  \\$aCo-published by the American Association of Petroleum Geologists and Datapages, Inc., U.S. Geological Survey, and the AAPG Energy Minerals Division.
=504  \\$aIncludes bibliographical references.
=530  \\$aResults of USGS coal assessments available online.
=540  \\$aCurrent Copyright Fee: GBP7.75$c0$5Uk
=650  \0$aCoal$xGeology$zMexico, Gulf of.
=650  \0$aCoal reserves$zMexico, Gulf of.
=650  \0$aCoastal plains$zMexico, Gulf of.
=700  1\$aWarwick, Peter D.
=710  2\$aAAPG/Datapages (Firm)
=710  2\$aAmerican Association of Petroleum Geologists.
=710  2\$aAmerican Association of Petroleum Geologists.$bEnergy Minerals Division.
=710  2\$aGeological Survey (U.S.)
=830  \0$aAAPG/Datapages discovery series ;$vno. 14.
=830  \0$aAAPG studies in geology ;$vno. 62.
=852  41$aBritish Library$bSTI
=852  41$aBritish Library$bDSC$cV$j0537.506000
=856  4\$uhttp://energy.cr.usgs.gov/coal/coal_assessments/index.html$zResults of coal assessments:
=985  \\$aCorrected by MS generated file for WR# 13.051
=ACF  \\$aPrevious Copyright Fee: GBP4.55$c0$e01-jul-2012$fGBP4.55$g0$hC$5Uk
=ACF  \\$aPrevious Copyright Fee: GBP4.50$c0$e01-oct-2013$fGBP4.50$g0$hC$5Uk
=ACF  \\$aPrevious Copyright Fee: GBP4.69$c0$e01-jan-2014$fGBP4.69$g0$hC$5Uk
=ACF  \\$aPrevious Copyright Fee: GBP4.55$c0$e01-jul-2014$fGBP4.55$g0$hC$5Uk
=ACF  \\$aPrevious Copyright Fee: GBP7.27$c0$e01-jan-2015$fGBP7.27$g0$hC$5Uk
=ACF  \\$aPrevious Copyright Fee: GBP8.00$c0$e01-apr-2015$fGBP8.00$g0$hC$5Uk
=ACF  \\$aPrevious Copyright Fee: GBP7.74$c0$e01-oct-2015$fGBP7.74$g0$hC$5Uk
=ACF  \\$aPrevious Copyright Fee: GBP8.28$c0$e01-apr-2016$fGBP8.28$g0$hC$5Uk
=ACF  \\$aPrevious Copyright Fee: GBP8.89$c0$e01-oct-2016$fGBP8.89$g0$hC$5Uk
=ACF  \\$aPrevious Copyright Fee: GBP9.60$c0$e01-apr-2017$fGBP9.60$g0$hC$5Uk
=ACF  \\$aPrevious Copyright Fee: GBP9.12$c0$e01-oct-2017$fGBP9.12$g0$hC$5Uk
=ACF  \\$aPrevious Copyright Fee: GBP9.23$c0$e01-jan-2018$fGBP9.23$g0$hC$5Uk
=ACF  \\$aPrevious Copyright Fee: GBP8.57$c0$e01-apr-2018$fGBP8.57$g0$hC$5Uk
=ACF  \\$aPrevious Copyright Fee: GBP9.23$c0$e01-oct-2018$fGBP9.23$g0$hC$5Uk
=ACF  \\$aPrevious Copyright Fee: GBP9.60$c0$e01-oct-2019$fGBP9.60$g0$hC$5Uk
=ACF  \\$aPrevious Copyright Fee: GBP9.23$c0$e01-apr-2020$fGBP9.23$g0$hC$5Uk
=ACF  \\$aPrevious Copyright Fee: GBP9.60$c0$e01-jul-2020$fGBP9.60$g0$hC$5Uk
=ACF  \\$aPrevious Copyright Fee: GBP8.90$c0$e01-apr-2021$fGBP8.90$g0$hC$5Uk
=ACF  \\$aPrevious Copyright Fee: GBP8.65$c0$e01-jul-2021$fGBP8.65$g0$hC$5Uk
=ACF  \\$aPrevious Copyright Fee: GBP8.52$c0$e01-oct-2021$fGBP8.52$g0$hC$5Uk
=ACF  \\$aPrevious Copyright Fee: GBP7.32$c0$e01-jan-2022$fGBP7.32$g0$hC$5Uk
=ACF  \\$aPrevious Copyright Fee: GBP7.35$c0$e01-apr-2022$fGBP7.35$g0$hC$5Uk
=ACF  \\$aBritish Library not licensed to copy$c0$e01-jul-2022$hC$iCFP Excluded$5Uk
=ACF  \\$aPrevious Copyright Fee: GBP4.20$c0$e09-feb-2023$fGBP4.20$g0$hC$5Uk
=ACF  \\$aPrevious Copyright Fee: GBP3.88$c0$e01-apr-2023$fGBP3.88$g0$hC$5Uk
=CAT  \\$a7164$b40$c20120726$lBLL01$h1303
=CAT  \\$aBATCH-CLA$b00$c20200619$lBLL01$h1528
=CAT  \\$aIPL-CLA$c20200701$lBLL01$h0113
=CAT  \\$aBATCH-CLA$b00$c20210328$lBLL01$h1301
=CAT  \\$aIPL-CLA$c20210331$lBLL01$h1900
=CAT  \\$aBATCH-CLA$b00$c20210617$lBLL01$h1348
=CAT  \\$aIPL-CLA$c20210704$lBLL01$h1124
=CAT  \\$aBATCH-CLA$b00$c20210928$lBLL01$h1453
=CAT  \\$aIPL-CLA$c20210930$lBLL01$h1656
=CAT  \\$aBATCH-CLA$b00$c20211222$lBLL01$h1558
=CAT  \\$aIPL-CLA$c20211231$lBLL01$h1732
=CAT  \\$aBATCH-CLA$b00$c20220329$lBLL01$h1632
=CAT  \\$aIPL-CLA$c20220331$lBLL01$h2318
=CAT  \\$aBATCH-CLA$b00$c20220628$lBLL01$h0754
=CAT  \\$aIPL-CLA$c20220630$lBLL01$h1723
=CAT  \\$aBATCH-CLA$b00$c20220927$lBLL01$h1147
=CAT  \\$aIPL-CLA$c20220930$lBLL01$h1610
=CAT  \\$aBATCH-CLA$b00$c20221206$lBLL01$h1648
=CAT  \\$aIPL-CLA$c20221231$lBLL01$h2316
=CAT  \\$aBATCH-CLA$b00$c20230302$lBLL01$h1816
=CAT  \\$aBATCH-CLA$b00$c20230329$lBLL01$h1621
=CAT  \\$aIPL-CLA$c20230331$lBLL01$h1707
=CAT  \\$aBATCH-CLA$b00$c20230622$lBLL01$h1229
=CAT  \\$aIPL-CLA$c20230630$lBLL01$h1737
=CAT  \\$aBATCH-CLA$b00$c20230921$lBLL01$h1416
=CAT  \\$aIPL-CLA$c20230930$lBLL01$h1147
=CFI  0\$aCurrent Copyright Fee: GBP7.75$c0$e01-oct-2023$fGBP7.75$g0$hC$5Uk
=CFI  2\$aPrevious Copyright Fee: GBP8.01$c0$e01-jul-2023$fGBP8.01$g0$hC$5Uk
=FIN  \\$aY$d20120730
=FMT  \\$a  BK
=LAS  \\$aIPL-CLA$b00$c20230930$lBLL01$h1147
=SID  \\$aZ39$bOCLC
=TCO  \\$aTRS$bCCC$c008

