=LDR  02518 am a2200469 a 4500
=001  016312042
=003  Uk
=005  20130424122947.0
=008  111028s2011\\\\fr\a\\\\\b\\\\000\0dfre\d
=010  \\$a  2012417161
=020  \\$a9782746730526
=020  \\$z2746730529
=035  \\$a(OCoLC)ocn760989879
=040  \\$aTZT$cTZT$dAUXAM$dDEBBG$dMNU$dDLC$dUk
=042  \\$aukblderived
=043  \\$ae-fr---
=050  00$aHQ1223$b.A35 2011
=100  1\$aAdler, Laure.
=245  10$aManifeste féministe /$cLaure Adler.
=260  \\$aParis :$bAutrement,$c[2011]
=300  \\$a191 p. :$bill. (some col.) ;$c23 cm.
=336  \\$atext$2rdacontent
=337  \\$aunmediated$2rdamedia
=338  \\$avolume$2rdacarrier
=490  0\$aManifeste
=504  \\$aIncludes bibliographical references (p. 191).
=505  0\$aÉloge des hommes féministes / Laure Adler -- La langue maternelle / Pierre Michon -- L'anthropologie, les hommes et les femmes / Maurice Godelier -- Couée / Claude Garache -- L'homme qui pense que les femmes sont supérieures aux hommes / Edgar Morin -- Pour une historie croisée du feminisme et de antiracisme / Pap Ndiaye -- Éloge de l'amour / Stéphane Hessel -- L'homme de la parité / Lionel Jospin -- Les femmes, l'avenir de l'Afrique / Jacques Diouf -- L'homme maternel / René Frydman -- La femme sublimée / Christian Lacroix -- Le théâtre comme offrande / Olivier Py -- Femmes sans cinéma / Xavier Lambours -- Sexe, plaisir et poésie / Bertrand Bonello -- Les vies de Nikita / Nikita.
=650  \0$aFeminism$zFrance.
=650  \0$aMale feminists$zFrance$vInterviews.
=852  41$aBritish Library$bHMNTS$jYF.2013.a.7858
=852  41$aBritish Library$bHMNTS
=852  41$aBritish Library$bHMNTS
=856  \\$uhttp://bvbr.bib-bvb.de:8991/F?func=service&doc_library=BVB01&doc_number=024702873&line_number=0001&func_code=DB_RECORDS&service_type=MEDIA$zInhaltsverzeichnis
=856  \\$uhttp://bvbr.bib-bvb.de:8991/F?func=service&doc_library=BVB01&doc_number=024702873&line_number=0002&func_code=DB_RECORDS&service_type=MEDIA$zKlappentext
=856  \\$uhttp://bvbr.bib-bvb.de:8991/F?func=service&doc_library=BVB01&doc_number=024702873&line_number=0003&func_code=DB_RECORDS&service_type=MEDIA$zBuchcover
=CAT  \\$a6503$b40$c20130402$lBLL01$h1323
=CAT  \\$a11131$b40$c20130424$lBLL01$h1229
=CAT  \\$aBATCH_ERAS$b00$c20190712$lBLL01$h2051
=FIN  \\$aY$d20130424
=FMT  \\$a  BK
=LAS  \\$aBATCH_ERAS$b00$c20190712$lBLL01$h2051
=SRC  \\$aBLL02

