=LDR  05947 am a22005657a 4500
=001  016314512
=003  Uk
=005  20130408114023.0
=008  130311s2012\\\\oruab\\\\b\\\f000\0\eng\d
=035  \\$a(OCoLC)829689316$z(OCoLC)830043311
=040  \\$aAZU$cAZU$dMTG$dORE$dAGL$dLHL$dRLA$dUk
=042  \\$aukblderived
=043  \\$an-us---
=070  0\$aaSD390.7.C55$bE35 2012
=086  0\$aA 13.88:PNW-GTR-870
=245  00$aEffects of climatic variability and change on forest ecosystems :$ba comprehensive science synthesis for the U.S. forest sector /$cJames M. Vose, David L. Peterson, and Toral Patel-Weynand, editors.
=260  \\$aPortland, Or. :$bU.S. Dept. of Agriculture, Forest Service, Pacific Northwest Research Station,$c2012.
=300  \\$a265 p. :$bill. (some col.), col. maps ;$c28 cm.
=336  \\$atext$2rdacontent
=337  \\$aunmediated$2rdamedia
=338  \\$avolume$2rdacarrier
=490  1\$aGeneral technical report PNW ;$vGTR-870
=500  \\$a"December 2012."
=504  \\$aIncludes bibliographical references.
=520  3\$aThis report is a scientific assessment of the current condition and likely future condition of forest resources in the United States relative to climatic variability and change. It serves as the U.S. Forest Service forest sector technical report for the National Climate Assessment and includes descriptions of key regional issues and examples of a risk-based framework for assessing climate-change effects. By the end of the 21st century, forest ecosystems in the United States will differ from those of today as a result of changing climate. Although increases in temperature, changes in precipitation, higher atmospheric concentrations of carbon dioxide (CO₂), and higher nitrogen (N) deposition may change ecosystem structure and function, the most rapidly visible and most significant short-term effects on forest ecosystems will be caused by altered disturbance regimes. .For example, wildfires, insect infestations, pulses of erosion and flooding, and drought-induced tree mortality are all expected to increase during the 21st century. These direct and indirect climate-change effects are likely to cause losses of ecosystem services in some areas, but may also improve and expand ecosystem services in others. Some areas may be particularly vulnerable because current infrastructure and resource production are based on past climate and steady-state conditions. The ability of communities with resource-based economies to adapt to climate change is linked to their direct exposure to these changes, as well as to the social and institutional structures present in each environment. Human communities that have diverse economies and are resilient to change today will also be prepared for future climatic stresses. .Significant progress has been made in developing scientific principles and tools for adapting to climate change through science-management partnerships focused on education, assessment of vulnerability of natural resources, and development of adaptation strategies and tactics. In addition, climate change has motivated increased use of bioenergy and carbon (C) sequestration policy options as mitigation strategies, emphasizing the effects of climate change-human interactions on forests, as well as the role of forests in mitigating climate change. Forest growth and afforestation in the United States currently account for a net gain in C storage and offset approximately 13 percent of the Nation's fossil fuel CO₂ production. .Climate change mitigation through forest C management focuses on (1) land use change to increase forest area (afforestation) and avoid deforestation, (2) C management in existing forests, and (3) use of wood as biomass energy, in place of fossil fuel or in wood products for C storage and in place of other building materials. Although climate change is an important issue for management and policy, the interaction of changes in biophysical environments (e.g., climate, disturbance, and invasive species) and human responses to those changes (management and policy) will ultimately determine outcomes for ecosystem services and people. Although uncertainty exists about the magnitude and timing of climate-change effects on forest ecosystems, sufficient scientific information is available to begin taking action now. Building on practices compatible with adapting to climate change provides a good starting point for land managers who may want to begin the adaptation process. .Establishing a foundation for managing forest ecosystems in the context of climate change as soon as possible will ensure that a broad range of options will be available for managing forest resources sustainably.
=530  \\$aAlso available on the World Wide Web.
=540  \\$aCurrent copyright fee: zero$c0$5Uk
=650  \0$aForests and forestry$xClimatic factors$zUnited States.
=650  \0$aForest meteorology$zUnited States.
=650  \0$aForest ecology$zUnited States.
=650  \0$aClimatic changes$zUnited States.
=700  1\$aVose, James M.
=700  1\$aPeterson, David L.$q(David Lawrence),$d1954-
=700  1\$aPatel-Weynand, Toral.
=710  2\$aPacific Northwest Research Station (Portland, Or.)
=830  \0$aGeneral technical report PNW ;$v870.
=852  41$aBritish Library$bSTI
=852  41$aBritish Library$bDSC$j9098.730000
=856  41$uhttp://www.fs.fed.us/pnw/pubs/pnw_gtr870/pnw_gtr870.pdf
=856  41$uhttp://www.arlis.org/docs/vol1/F/830043311.pdf$zARLIS Document Server
=CAT  \\$a7233$b40$c20130408$lBLL01$h1139
=CAT  \\$a7233$b40$c20130408$lBLL01$h1140
=CAT  \\$aBATCH-CLA$b00$c20130429$lBLL01$h0156
=CAT  \\$aBATCH-CLA$b00$c20130508$lBLL01$h0733
=CFI  0\$aCurrent copyright fee: zero$c0$e29-nov-2002$fGBP0.00$g0$hZ$5Uk
=FIN  \\$aY$d20130408
=FMT  \\$a  BK
=LAS  \\$aBATCH-CLA$b00$c20130508$lBLL01$h0733
=SID  \\$aZ39$bOCLC
=TCO  \\$aTRS$bCCC$c008

