=LDR  02156 am a22005177a 4500
=001  012936405
=003  Uk
=005  20040816153126.0
=008  040329s2004\\\\oru\\\\\\b\\\o000\0\eng\d
=010  \\$a2004368315
=035  \\$a(OCoLC)ocm54668257
=040  \\$aALK$cALK$dUDI$dDLC$dUk
=043  \\$an-us-ak
=050  00$aZ5991$b.C63 2004
=100  1\$aClausen, Debra L.
=245  10$aSocial acceptability of alternatives to clearcutting :$bdiscussion and literature review with emphasis on southeast Alaska /$c[Debra L. Clausen and Robert F. Schroeder, compilers].
=260  \\$a[Portland, Or.] :$bU.S. Dept. of Agriculture, Forest Service, Pacific Northwest Research Station,$c2004.
=300  \\$a37 p. ;$c28 cm.
=336  \\$atext$2rdacontent
=337  \\$aunmediated$2rdamedia
=338  \\$avolume$2rdacarrier
=490  1\$aGeneral technical report PNW ;$vGTR-594
=500  \\$aTitle from cover.
=540  \\$aCurrent copyright fee: zero$c0$5Uk
=650  \0$aClearcutting$zAlaska$zAlaska Panhandle$xPublic opinion$vBibliography.
=650  \0$aLogging$zAlaska$zAlaska Panhandle$xPublic opinion$vBibliography.
=700  1\$aSchroeder, Robert F.,$d1944-
=710  2\$aPacific Northwest Research Station (Portland, Or.)
=830  \0$aGeneral technical report PNW ;$v594.
=852  41$aBritish Library$bSTI
=852  41$aBritish Library$bDSC$j9098.730000
=856  41$uhttp://www.fs.fed.us/pnw/pubs/gtr594.pdf
=CAT  \\$a11317$b40$c20040622$lBLL01$h1450
=CAT  \\$a11317$b40$c20040622$lBLL01$h1451
=CAT  \\$a11317$b40$c20040712$lBLL01$h1335
=CAT  \\$a11317$b40$c20040712$lBLL01$h1337
=CAT  \\$a8346$b40$c20040816$lBLL01$h1531
=CAT  \\$aBATCH-CLA$b00$c20120928$lBLL01$h1836
=CAT  \\$aBATCH-CLA$b00$c20120930$lBLL01$h1046
=CAT  \\$aBATCH-CLA$b00$c20130508$lBLL01$h0733
=CFI  0\$aCurrent copyright fee: zero$c0$e29-nov-2002$fGBP0.00$g0$hZ$5Uk
=FIN  \\$aY
=FMT  \\$a  BK
=LAS  \\$aBATCH-CLA$b00$c20130508$lBLL01$h0733
=LKR  \\$aANA$b011147897$lBLL01$nUNITED STATES DEPARTMENT OF AGRICULTURE FORE$mSocial acceptability of alternatives to clea$r773$v594$i1
=TCO  \\$aTRS$bCCC$c008

