=LDR  01374cam a22004097a 4500
=001  013091086
=003  Uk
=005  20220223132942.0
=008  040518s2004\\\\fr\a\\\\\b\\\\000\0\eng\d
=010  \\$a  2004422551
=020  \\$a9264106294 (pbk.)
=035  \\$a(OCoLC)ocm55201116
=040  \\$aUk$beng$cUk$dUk
=050  00$aHE5614$b.K42 2004
=245  00$aKeeping children safe in traffic.
=246  1\$iFrench title on t.p. verso:$aSécurité routière : mieux protéger les enfants
=260  \\$aParis :$bOECD,$cc2004.
=300  \\$a128 p. :$bill. ;$c27 cm.
=336  \\$atext$2rdacontent
=337  \\$aunmediated$2rdamedia
=338  \\$avolume$2rdacarrier
=504  \\$aIncludes bibliographical references.
=530  \\$aAlso available online.
=650  \0$aTraffic safety and children.
=650  \0$aTraffic safety$xStudy and teaching.
=650  \0$aMotor vehicles$xSafety appliances.
=710  2\$aOrganisation for Economic Co-operation and Development.
=852  41$aBritish Library$bHMNTS$jOPD.2005.x.85
=852  \\$aBritish Library$bHMNTS
=856  41$uhttp://www.sourceoecd.org
=CAT  \\$a12320$b40$c20050125$lBLL01$h1110
=CAT  \\$a9523$b40$c20050211$lBLL01$h1109
=CAT  \\$aBATCH$b00$c20091211$lBLL01$h0100
=CAT  \\$a14185$b40$c20220223$lBLL01$h1329
=FIN  \\$aY
=FMT  \\$a  BK
=LAS  \\$a14185$b40$c20220223$lBLL01$h1329

