=LDR  04717 as a2201141 a 4500
=001  011733187
=003  Uk
=005  20050902114543.0
=007  ta
=008  990514d19112001xxuqr\p\\\\\\\0\\\a0eng\\
=010  \\$a16016616
=019  x\$a0384250297
=019  c\$a2042081
=022  0\$a0025-7338
=030  \\$aBMLAAG
=040  \\$aUk$cUk$dUk
=042  \\$ansdp$alc
=050  00$aZ675.M4$bM4
=060  00$aZ 675.M4$bM489b
=070  0\$a243.9$bM46
=072  \0$aX200
=082  10$a026$211
=110  2\$aMedical Library Association.
=210  0\$aBull. Med. Libr. Assoc.
=222  \0$aBulletin of the Medical Library Association
=245  10$aBulletin of the Medical Library Association.
=264  \1$aChicago :$bMedical Library Association,$c1911-2001.
=300  \\$a89 volumes :$billustrations, portraits ;$c(8º)
=310  \\$aQuarterly
=336  \\$atext$2rdacontent
=337  \\$aunmediated$2rdamedia
=338  \\$avolume$2rdacarrier
=340  \\$m8vo$2rdabf
=362  0\$aNew.ser., v. 1 (July 1911)-v. 89 (Oct. 2001)
=515  \\$aSeries 2 called new series.
=530  \\$aSome issues also available via the World Wide Web at the PubMed Central web site.
=540  \\$aBritish Library not licensed to copy$c0$5Uk
=555  \\$aVols. 1-40, 1911-1952. 1 v.; v. 41-50, 1953-1962. 1 v.
=580  \\$aThe Bulletin was published in the Medical library and historical journal, 1903-1907, and after 1907 resumed as a separate publication.
=595  \\$aCONTD AS 4824.237 VOL. 90, 2002-.
=650  \0$aMedical libraries$vPeriodicals.
=650  \0$aMedicine$xLibrary resources$vPeriodicals.
=650  \0$aMedicine$xInformation services$vPeriodicals.
=650  \2$aLibraries, Medical$vPeriodicals.
=650  \2$aMedicine$vPeriodicals.
=785  00$tJournal of the Medical Library Association$x1536-5050
=852  41$aBritish Library$bDSC$j2612.090000$3Vol. 1, no. 1 (1911)-v. 89, no. 4 (2001)***UKRR Retained Title***Stock Incomplete
=852  41$aBritish Library$bHMNTS$jP.P.6491.had.$3Vol.1, 1911-Vol.89, 2001***UKRR Retained Title
=852  41$aBritish Library$bSTI
=856  41$uhttp://bibpurl.oclc.org/web/6695$uhttp://www.pubmedcentral.nih.gov/tocrender.fcgi?journal=72
=945  \\$aBULLETIN- MEDICAL LIBRARY ASSOCIATION.
=959  \\$fHeld but not currently received
=963  \\$aCA/M-7 VOL. 61, 1973- 87, 1999 *A=1$bN
=985  \\$aRecord merged by DQ team
=985  \\$aCorrected by MS generated file for WR# 1805-0738
=ACF  \\$aBritish Library not licensed to copy$c0$e01-oct-2008$hC$iCLA Excluded$5Uk
=ACF  \\$aPrevious copyright fee: GBP6.00$c0$e01-apr-2008$fGBP6.00$g0$hA$5Uk
=ACF  \\$aPrevious copyright fee: GBP5.00$c0$e01-jul-2002$fGBP5.00$g0$hA$5Uk
=ACF  \\$aCurrent copyright fee: GBP2.50$c0$e01-jul-1998$fGBP2.50$g0$hC$5Uk
=ACF  \\$aCurrent copyright fee: GBP2.30$c0$e01-apr-1997$fGBP2.30$g0$hC$5Uk
=ACF  \\$aPrevious copyright fee: GBP10.50$c0$e01-jan-2011$fGBP10.50$g0$hA$5Uk
=CAT  \\$aCONV$b00$c20040425$lBLL90$h0700
=CAT  \\$aCONV$b00$c20040502$lBLL01$h1444
=CAT  \\$c20041010$lBLL01$h1941
=CAT  \\$a8871$b40$c20050902$lBLL01$h1145
=CAT  \\$aBATCH-UPD$b40$c20080223$lBLL01$h2005
=CAT  \\$aBATCH-UPD$b40$c20080225$lBLL01$h2247
=CAT  \\$aBATCH-UPD$b40$c20080330$lBLL01$h0633
=CAT  \\$aBATCH-UPD$b40$c20080330$lBLL01$h1447
=CAT  \\$aBATCH$b00$c20080330$lBLL01$h2157
=CAT  \\$aBATCH-CLA$b00$c20080829$lBLL01$h1853
=CAT  \\$aBATCH-UPD$b00$c20080930$lBLL01$h2237
=CAT  \\$aBATCH-UPD$b00$c20080930$lBLL01$h2357
=CAT  \\$aBATCH$b00$c20081001$lBLL01$h0114
=CAT  \\$aBATCH-UPD$b00$c20101201$lBLL01$h1240
=CAT  \\$aIPL-CLA$c20101231$lBLL01$h1427
=CAT  \\$aBATCH-UPD$b00$c20110907$lBLL01$h1818
=CAT  \\$aIPL-CLA$c20110908$lBLL01$h1733
=CAT  \\$aBATCH-UPD$b00$c20120614$lBLL01$h2122
=CAT  \\$aBATCH-CLA$b00$c20121108$lBLL01$h1735
=CAT  \\$aWR12_168$c20121206$lBLL01$h1835
=CAT  \\$aWR13.005$c20130323$lBLL01$h1159
=CAT  \\$aBATCH-CLA$b00$c20131129$lBLL01$h1651
=CAT  \\$aIPL-CLA$c20131231$lBLL01$h2224
=CAT  \\$a1805-0738$c20181228$lBLL01$h1804
=CAT  \\$a1805-0738$b00$c20181228$lBLL01$h1857
=CFI  0\$aBritish Library not licensed to copy$c0$e01-jan-2014$hC$iCFP Excluded$5Uk
=CFI  2\$aBritish Library not licensed to copy$c0$e07-sep-2011$hC$iTX$5Uk
=FIN  \\$aY
=FMT  \\$a  SE
=LAS  \\$a1805-0738$b00$c20181228$lBLL01$h1857
=LEO  \\$aMP1.0000451383
=LEO  \\$aMP10.0000118980
=SID  \\$aZ39$bOCLC
=SRC  \\$aBLS01$bbibmp1.200404.2.aa
=SRC  \\$aDSS01$bbibmp10.200404.2.aa
=TCO  \\$aTRS$bCCC$c008
=TOC  \\$aETOC

