=LDR  02725 as a22006373  4500
=001  011747672
=003  Uk
=005  20210506150442.0
=008  040409u||||||||cs\a|\p|||\\\\0\\\|0cze\\
=019  c\$a2048721
=022  0\$a0009-0468
=040  \\$aUk$cUk
=082  \\$a891.8605$222$qUK-WkNB
=245  00$aCESKA LITERATURA.
=336  \\$atext$2rdacontent
=337  \\$aunmediated$2rdamedia
=338  \\$avolume$2rdacarrier
=500  \\$aAlso available online, http://www.ceeol.com/aspx/publicationdetails.aspx?publicationid=A01AEDF5-C0CE-46E6-B38C-9D30B87EE603
=540  \\$aBritish Library not licensed to copy$c0$5Uk
=852  41$aBritish Library$bDSC$j3120.270000$3Vol. 2, pt. 2 (1954)-v. 38, pt. 6 (1990)***UKRR Retained Title***Stock incomplete
=852  \\$aBritish Library$bHMNTS
=852  41$aBritish Library$bHMNTS$jAc.798.haa$3ROCNIK;1,1953,NO.1- (MISSING ,ROCNIK;40,1992,4-6)-Volume 61:Number 6(2013).
=856  40$uhttp://www.ceeol.com/aspx/publicationdetails.aspx?publicationid=A01AEDF5-C0CE-46E6-B38C-9D30B87EE603
=883  0\$aLanguage codes assigned by Bayesian analysis of words present in record$d20210115$qUk$c0.9450
=945  \\$aCESKA LITERATURA.
=959  \\$fHeld but not currently received
=963  \\$a1, 1953- *A=1$bN$cP758.C.36
=985  \\$aCorrected by MS generated file for WR# 12.018
=A02  \\$a2048721
=ACF  \\$aPrevious copyright fee: GBP5.00$c0$e01-jul-2002$fGBP5.00$g0$hC$5Uk
=ACF  \\$aCurrent copyright fee: GBP2.50$c0$e01-jul-1998$fGBP2.50$g0$hC$5Uk
=ACF  \\$aCurrent copyright fee: GBP2.30$c0$e01-apr-1997$fGBP2.30$g0$hC$5Uk
=CAT  \\$aCONV$b00$c20040425$lBLL90$h0700
=CAT  \\$aCONV$b00$c20040502$lBLL01$h1445
=CAT  \\$c20041010$lBLL01$h1949
=CAT  \\$aBATCH$b00$c20091210$lBLL01$h0609
=CAT  \\$aBATCH$b00$c20091214$lBLL01$h0820
=CAT  \\$aBATCH$b00$c20091216$lBLL01$h0203
=CAT  \\$a6537$b40$c20100420$lBLL01$h1356
=CAT  \\$aBATCH-UPD$b40$c20101201$lBLL01$h1241
=CAT  \\$aIPL-CLA$c20101231$lBLL01$h1433
=CAT  \\$aBATCH-UPD$b00$c20110907$lBLL01$h1819
=CAT  \\$aIPL-CLA$c20110908$lBLL01$h1734
=CAT  \\$aBLSS-CORR$b00$c20120724$lBLL01$h1758
=CAT  \\$aBATCH-CLA$b00$c20121108$lBLL01$h1733
=CAT  \\$aWR13.005$c20130323$lBLL01$h1207
=CAT  \\$a12420$b40$c20150514$lBLL01$h0852
=CAT  \\$aW2102-0046$b00$c20210506$lBLL01$h1504
=CFI  0\$aBritish Library not licensed to copy$c0$e07-sep-2011$hC$iTX$5Uk
=CFI  2\$aPrevious copyright fee: GBP10.50$c0$e01-jan-2011$fGBP10.50$g0$hA$5Uk
=FIN  \\$aY
=FMT  \\$a  SE
=LAS  \\$aW2102-0046$b00$c20210506$lBLL01$h1504
=LEO  \\$aMP10.0000139483
=SRC  \\$aDSS01$bbibmp10.200404.2.aa
=TCO  \\$aXXX$c008

