=LDR  07334cas a2201333 a 4500
=001  008516791
=003  Uk
=005  20130729104531.0
=007  ta
=008  750726c19379999ru\qr\\\\\\\\\0\\\c0rusod
=010  \\$a49044288
=019  c\$a2000877
=022  0\$a0321-0391
=040  \\$aUk$brus$cUk
=041  0\$arus$beng
=210  0\$aVestn. drevnej istor.
=222  \0$aVestnik drevnej istorii
=245  00$6880-01$aVestnik drevneĭ istorii =$bJournal of ancient history.
=246  31$aJournal of ancient history
=246  13$aRevue d'histoire ancienne$fno. 1-20, 83-90
=260  \\$aMoskva :$bIzd-vo Nauka,$c1937-
=300  \\$av. :$bill. ;$c25-27 cm.
=310  \\$aQuarterly
=336  \\$atext$2rdacontent
=337  \\$aunmediated$2rdamedia
=338  \\$avolume$2rdacarrier
=362  0\$a1-
=500  \\$aNo. 21-82 lack English title.
=515  \\$aWhole numbering repeats; 1999, 1-3 carry whole number 228; 1999, 4 carries whole number 229.
=530  \\$aAlso issued online.
=540  \\$aBritish Library not licensed to copy$c0$5Uk
=546  \\$aRussian; summaries in English, no. 99-<146>
=550  \\$6880-03$aNo. 1-106 issued by Akademii︠a︡ nauk SSSR, Institut istorii; no. 107-<146> by Akademii︠a︡ nauk SSSR, Institut vseobshcheĭ istorii; <227>-241 by: Rossiĭskai︠a︡ akademii︠a︡ nauk, Otdelenie istorii, etc.; 242-<267> by: Rossiĭskai︠a︡ akademii︠a︡ nauk, Otdelenie istoriko-filologicheskikh nauk, etc.
=555  \\$aVols. for 1937-50, with 1951. 1 v.; Vols. for 1951-55 with 1956, 4; Vols. for 1956-60, with 1961, 1; Vols. for 1976-80 with 1981, 1.
=650  \0$aHistory, Ancient$vPeriodicals.
=710  2\$6880-04$aInstitut istorii (Akademii︠a︡ nauk SSSR)
=710  2\$6880-05$aInstitut vseobshcheĭ istorii (Akademii︠a︡ nauk SSSR)
=710  2\$6880-06$aRossiĭskai︠a︡ akademii︠a︡ nauk.$bOtdelenie istorii.
=710  2\$6880-07$aRossiĭskai︠a︡ akademii︠a︡ nauk.$bOtdelenie istoriko-filologicheskikh nauk.
=776  1\$6880-08$tVestnik drevneĭ istorii (Online)
=852  41$aBritish Library$bHMNTS$jP.P.1897.p$31938, 1(2) - 1941, 1(14); 1946, 1(15)- (1982, 1 MISSING)
=852  41$aBritish Library$bHMNTS
=852  41$aBritish Library$bDSC$j0033.050000$3Pt. 1 issue 15 (1946)-pt. 4 issue 199 (1991)***UKRR Retained Title***Stock incomplete
=856  41$uhttp://dlib.eastview.com/sources/publication.jsp?id=669
=880  00$6245-01$aВестник древней истории.$bJournal of ancient history.
=880  \\$6260-02$aМосква,$bНаука$c1937-
=880  \\$6550-03$aNo. 1-106 issued by Академия наук СССР, Институт истории; no. 107-<146> by Академия наук СССР, Институт всеобщей истории; <227>-241 by: Российская академия наук, Отделение истории, etc.; 242-<267> by: Российская академия наук, Отделение историко-филологических наук, etc.
=880  2\$6710-04$aИнститут истории (Akademii︠a︡ nauk SSSR)
=880  2\$6710-05$aИнститут всеобщей истории (Akademii︠a︡ nauk SSSR)
=880  2\$6710-06$aРоссийская академия наук.$bОтделение истории.
=880  2\$6710-07$aРоссийская академия наук.$bОтделение историко-филологических наук.
=880  1\$6776-08$tВестник древней истории (Online)
=945  \\$aVESTNIK DREVNEI ISTORII.
=959  \\$fHeld but not currently received
=963  \\$aVOL. 1, 1937- 8, [19?] *A=1; 10, [19?]- *A=1$bY$cP510.C.26
=A02  \\$a2000877
=ACF  \\$aPrevious Copyright Fee: GBP1.25$c0$e01-jul-2009$fGBP1.25$g0$hC$5Uk
=ACF  \\$aPrevious Copyright Fee: GBP1.25$c0$e01-apr-2009$fGBP1.25$g0$hC$5Uk
=ACF  \\$aPrevious Copyright Fee: GBP1.09$c0$e01-jan-2009$fGBP1.09$g0$hC$5Uk
=ACF  \\$aPrevious Copyright Fee: GBP0.88$c0$e01-oct-2008$fGBP0.88$g0$hC$5Uk
=ACF  \\$aPrevious Copyright Fee: GBP0.88$c0$e01-jul-2008$fGBP0.88$g0$hC$5Uk
=ACF  \\$aPrevious Copyright Fee: GBP0.85$c0$e01-apr-2008$fGBP0.85$g0$hC$5Uk
=ACF  \\$aPrevious Copyright Fee: GBP0.88$c0$e01-jan-2008$fGBP0.88$g0$hC$5Uk
=ACF  \\$aPrevious Copyright Fee: GBP0.88$c0$e01-oct-2007$fGBP0.88$g0$hC$5Uk
=ACF  \\$aPrevious Copyright Fee: GBP0.88$c0$e01-jul-2007$fGBP0.88$g0$hC$5Uk
=ACF  \\$aPrevious Copyright Fee: GBP0.90$c0$e01-apr-2007$fGBP0.90$g0$hC$5Uk
=ACF  \\$aPrevious Copyright Fee: GBP0.95$c0$e01-jan-2007$fGBP0.95$g0$hC$5Uk
=ACF  \\$aPrevious Copyright Fee: GBP0.95$c0$e01-oct-2006$fGBP0.95$g0$hC$5Uk
=ACF  \\$aPrevious Copyright Fee: GBP1.00$c0$e01-jul-2006$fGBP1.00$g0$hC$5Uk
=ACF  \\$aPrevious Copyright Fee: GBP1.00$c0$e01-apr-2006$fGBP1.00$g0$hC$5Uk
=ACF  \\$aPrevious Copyright Fee: GBP0.97$c0$e01-jan-2006$fGBP0.97$g0$hC$5Uk
=ACF  \\$aPrevious Copyright Fee: GBP0.95$c0$e01-oct-2005$fGBP0.95$g0$hC$5Uk
=ACF  \\$aPrevious Copyright Fee: GBP0.95$c0$e01-jul-2005$fGBP0.95$g0$hC$5Uk
=ACF  \\$aPrevious Copyright Fee: GBP0.95$c0$e01-apr-2005$fGBP0.95$g0$hC$5Uk
=ACF  \\$aPrevious Copyright Fee: GBP0.97$c0$e01-jan-2005$fGBP0.97$g0$hC$5Uk
=ACF  \\$aPrevious Copyright Fee: GBP0.95$c0$e01-oct-2004$fGBP0.95$g0$hC$5Uk
=ACF  \\$aPrevious copyright fee: GBP0.95$c0$e01-apr-2004$fGBP0.95$g0$hC$5Uk
=ACF  \\$aCurrent copyright fee: GBP1.03$c0$e01-jan-2004$fGBP1.03$g0$hC$5Uk
=ACF  \\$aCurrent copyright fee: GBP1.09$c0$e01-jan-2003$fGBP1.09$g0$hC$5Uk
=CAT  \\$aCONV$b00$c20040425$lBLL90$h0657
=CAT  \\$aBATCH-UPD$b00$c20080930$lBLL01$h2159
=CAT  \\$aBATCH-UPD$b00$c20080930$lBLL01$h2324
=CAT  \\$aBATCH$b00$c20081001$lBLL01$h0044
=CAT  \\$aBATCH-CLA$b00$c20081128$lBLL01$h1737
=CAT  \\$aBATCH-UPD$b00$c20081231$lBLL01$h2213
=CAT  \\$aBATCH-UPD$b00$c20090101$lBLL01$h0000
=CAT  \\$aBATCH$b00$c20090101$lBLL01$h0132
=CAT  \\$aBATCH-CLA$b00$c20090227$lBLL01$h1638
=CAT  \\$aBATCH-UPD$b00$c20090331$lBLL01$h2215
=CAT  \\$aBATCH-UPD$b00$c20090331$lBLL01$h2352
=CAT  \\$aBATCH$b00$c20090401$lBLL01$h0120
=CAT  \\$aBATCH-CLA$b00$c20090529$lBLL01$h1715
=CAT  \\$aBATCH-UPD$b00$c20090701$lBLL01$h1944
=CAT  \\$aBATCH-UPD$b00$c20090701$lBLL01$h2027
=CAT  \\$aBATCH$b00$c20090701$lBLL01$h2049
=CAT  \\$aBATCH$b00$c20091209$lBLL01$h0207
=CAT  \\$aBATCH-UPD$b00$c20101201$lBLL01$h1215
=CAT  \\$aIPL-CLA$c20101231$lBLL01$h1219
=CAT  \\$aBATCH-UPD$b00$c20110907$lBLL01$h1757
=CAT  \\$aIPL-CLA$c20110908$lBLL01$h1710
=CAT  \\$aBATCH-CLA$b00$c20121104$lBLL01$h1035
=CAT  \\$aWR12_168$c20121206$lBLL01$h1809
=CAT  \\$aWR13.005$c20130323$lBLL01$h1318
=CAT  \\$a8874$b40$c20130729$lBLL01$h1036
=CAT  \\$a8874$b40$c20130729$lBLL01$h1045
=CFI  0\$aBritish Library not licensed to copy$c0$e07-sep-2011$hC$iTX$5Uk
=CFI  2\$aPrevious copyright fee: GBP10.50$c0$e01-jan-2011$fGBP10.50$g0$hA$5Uk
=FIN  \\$aY
=FMT  \\$a  SE
=LAS  \\$a8874$b40$c20130729$lBLL01$h1045
=LEO  \\$aMP10.0000002248
=SID  \\$aZ39$bLOC
=SRC  \\$aDSS01$bbibmp10.200404.2.aa
=TCO  \\$aXXX$c008

