=LDR  04367 as a22010697a 4500
=001  009181801
=003  Uk
=005  20090414102014.0
=007  ta
=008  881006c19889999sz\mx0p\\\\\\\0\\\a0eng\d
=010  \\$asn 89012132
=019  c\$a2390093
=022  0\$a1013-3119
=030  \\$aABBREZ
=035  \\$a(OCoLC)ocm18439137
=040  \\$aNDD$cNDD$dOCL$dNST$dEYM$dNST$dNSD$dNST$dDLC$dNST$dOCL$dOCLCQ$dUk
=042  \\$amsc$ansdp
=050  \4$aTJ4$b.A227
=210  0\$aABB rev.$b(Engl. ed.)
=222  \0$aABB review
=245  00$aABB review.
=246  3\$aAsea Brown Boveri review
=260  \\$aZurich, Switerland :$bABB Asea Brown Boveri,$cc1988-
=300  \\$av. :$bill. ;$c30 cm.
=310  \\$aTen issues yearly
=336  \\$atext$2rdacontent
=337  \\$aunmediated$2rdamedia
=338  \\$avolume$2rdacarrier
=362  0\$a1988, 1-
=500  \\$aTitle from cover.
=530  \\$aAlso available in electronic format.
=540  \\$aBritish Library not licensed to copy$c0$5Uk
=546  \\$aAlso published in French, German, Italian, Spanish and Swedish; copies for China include a Chinese-language insert.
=595  \\$aFORMERLY 2352.0 UP TO VOL. 74, 1987 ALSO FORMERLY 1739.8 UP TO VOL. 60, 1987 SEE ALSO 2352.0 FOR SRIS HOLDINGS.
=650  \0$aElectrical engineering$vPeriodicals.
=650  \0$aMechanical engineering$vPeriodicals.
=650  \0$aEngineering$vPeriodicals.
=780  00$tBrown Boveri Mitteilungen$x0007-2486
=852  41$aBritish Library$bSTI
=852  41$aBritish Library$bDSC$j0537.724485$3No. 1 (1988)-no. 2 (2008)***UKRR Retained Title
=856  41$uhttp://www.abb.com/abbreview
=945  \\$aABB REVIEW.
=959  \\$fHeld but not currently received
=964  \\$a1, 1988- *A=1$c621.37/.39$dQ$eABB
=985  \\$aRecord merged by DQ team
=A02  \\$a2390093
=ACF  \\$aBritish Library not licensed to copy$c0$e01-apr-2012$hC$iCLA Excluded$5Uk
=ACF  \\$aBritish Library not licensed to copy$c0$e01-jan-2012$hC$iCLA Excluded$5Uk
=ACF  \\$aBritish Library not licensed to copy$c0$e01-oct-2011$hC$iCLA Excluded$5Uk
=ACF  \\$aPrevious copyright fee: GBP10.50$c0$e01-jan-2011$fGBP10.50$g0$hA$5Uk
=ACF  \\$aPrevious copyright fee: GBP5.00$c0$e01-jul-1998$fGBP5.00$g0$hC$5Uk
=ACF  \\$aCurrent copyright fee: GBP4.60$c0$e01-apr-1997$fGBP4.60$g0$hC$5Uk
=ACF  \\$aBritish Library not licensed to copy$c0$e01-jul-2012$hC$iCLA Excluded$5Uk
=ACF  \\$aBritish Library not licensed to copy$c0$e01-oct-2012$hC$iCFP Excluded$5Uk
=ACF  \\$aBritish Library not licensed to copy$c0$e01-jan-2013$hC$iCFP Excluded$5Uk
=CAT  \\$aCONV$b00$c20040425$lBLL90$h0658
=CAT  \\$aBATCH-UPD$b40$c20101201$lBLL01$h1220
=CAT  \\$aIPL-CLA$c20101231$lBLL01$h1245
=CAT  \\$aBATCH-CLA$b00$c20110831$lBLL01$h1801
=CAT  \\$aIPL-CLA$c20110930$lBLL01$h1516
=CAT  \\$aBATCH-CLA$b00$c20111130$lBLL01$h1156
=CAT  \\$aIPL-CLA$c20111230$lBLL01$h1746
=CAT  \\$aBATCH-CLA$b00$c20120229$lBLL01$h1601
=CAT  \\$aIPL-CLA$c20120330$lBLL01$h1402
=CAT  \\$aBATCH-CLA$b00$c20120531$lBLL01$h1717
=CAT  \\$aBATCH-UPD$b00$c20120614$lBLL01$h2115
=CAT  \\$aIPL-CLA$c20120629$lBLL01$h0959
=CAT  \\$aBATCH-CLA$b00$c20120831$lBLL01$h1545
=CAT  \\$aIPL-CLA$c20120930$lBLL01$h2019
=CAT  \\$aBATCH-CLA$b00$c20121104$lBLL01$h1016
=CAT  \\$aWR12_128$c20121113$lBLL01$h1827
=CAT  \\$aBATCH-CLA$b00$c20121130$lBLL01$h1240
=CAT  \\$aWR12_168$c20121206$lBLL01$h1835
=CAT  \\$aIPL-CLA$c20121231$lBLL01$h1249
=CAT  \\$aIPL-CLA$c20130102$lBLL01$h1652
=CAT  \\$aBATCH-CLA$b00$c20130228$lBLL01$h1710
=CAT  \\$aWR13.005$c20130322$lBLL01$h1926
=CAT  \\$aIPL-CLA$c20130331$lBLL01$h1045
=CAT  \\$a540_fix$c20130403$lBLL01$h2005
=CAT  \\$aBATCH-CLA$b00$c20130531$lBLL01$h1647
=CAT  \\$aIPL-CLA$c20130701$lBLL01$h0012
=CFI  0\$aBritish Library not licensed to copy$c0$e01-jul-2013$hC$iCFP Excluded$5Uk
=CFI  2\$aBritish Library not licensed to copy$c0$e01-apr-2013$hC$iCFP Excluded$5Uk
=FIN  \\$aY
=FMT  \\$a  SE
=LAS  \\$aIPL-CLA$b00$c20130701$lBLL01$h0012
=LEO  \\$aMP10.0000025643
=SID  \\$aZ39$bLOC
=SRC  \\$aDSS03$bbibsr.200404.2.aa
=SRC  \\$aDSS01$bbibmp10.200404.2.aa
=TCO  \\$aCHE$bPRO LITTERIS$c008
=TOC  \\$aETOC

