=LDR  02675 as a22006733  4500
=001  007847865
=003  Uk
=005  20210423181918.0
=008  040409u||||||||pl\a|\p|||\\\\0\\\|0pol\\
=019  c\$a2240432
=022  0\$a0239-6858
=040  \\$aUk$beng$cUk
=042  \\$aukblsr
=245  00$aEdukacja :$bstudia, badania, innowacje /$cInstytut Badań Pedagogicznych.
=260  \\$aWarszawa :$bWydawnictwa Szkolne i Pedagogiczne,$c1983-
=300  \\$avol. ;$c24 cm.
=500  \\$aFrom 2012 published also online.
=500  \\$aSome issues in English.
=540  \\$aBritish Library not licensed to copy$c0$5Uk
=583  \\$aNot Selected
=595  \\$aFORMERLY 1856.23 UP TO 28, 1982.
=650  \0$aEducation$xResearch$vPeriodicals.
=852  41$aBritish Library$bDSC
=852  41$aBritish Library$bDSC$j3663.255000$3NR. 1, 1983- 1992(4)//40, 1992 *A=1; 1993(3)//43, 1993 *A=1
=856  \\$uwww.edukacja.ibe.edu.pl
=883  0\$aLanguage codes assigned by Bayesian analysis of words present in record$d20210115$qUk$c0.9450
=945  \\$aEDUKACJA -WARSZAWA-.
=959  \\$fHeld but not currently received
=985  \\$aCorrected by BSS-generated file for WR# 10/166
=A02  \\$a2240432
=ACF  \\$aPrevious copyright fee: GBP5.00$c0$e01-jul-2002$fGBP5.00$g0$hC$5Uk
=ACF  \\$aCurrent copyright fee: GBP2.50$c0$e01-jul-1998$fGBP2.50$g0$hC$5Uk
=ACF  \\$aCurrent copyright fee: GBP2.30$c0$e01-apr-1997$fGBP2.30$g0$hC$5Uk
=CAT  \\$aCONV$b00$c20040425$lBLL90$h0702
=CAT  \\$aCONV$b00$c20040502$lBLL01$h1233
=CAT  \\$c20041008$lBLL01$h2345
=CAT  \\$aBATCH$b00$c20091208$lBLL01$h0257
=CAT  \\$aBATCH$b00$c20091214$lBLL01$h0311
=CAT  \\$aBATCH$b00$c20091216$lBLL01$h0052
=CAT  \\$aBLSS-CORR$b00$c20101119$lBLL01$h1715
=CAT  \\$aBATCH-UPD$b00$c20101201$lBLL01$h1211
=CAT  \\$aIPL-CLA$c20101231$lBLL01$h1202
=CAT  \\$aBATCH-UPD$b00$c20110907$lBLL01$h1754
=CAT  \\$aIPL-CLA$c20110908$lBLL01$h1707
=CAT  \\$aBATCH-CLA$b00$c20121103$lBLL01$h1022
=CAT  \\$aWR13.005$c20130329$lBLL01$h1212
=CAT  \\$a10695$b40$c20150806$lBLL01$h1458
=CAT  \\$a10695$b40$c20150806$lBLL01$h1500
=CAT  \\$a10695$b40$c20150806$lBLL01$h1517
=CAT  \\$a3512$b40$c20180215$lBLL01$h1125
=CAT  \\$aW2102-0046$b00$c20210423$lBLL01$h1819
=CFI  0\$aBritish Library not licensed to copy$c0$e07-sep-2011$hC$iTX$5Uk
=CFI  2\$aPrevious copyright fee: GBP10.50$c0$e01-jan-2011$fGBP10.50$g0$hA$5Uk
=FIN  \\$aY
=FMT  \\$a  SE
=LAS  \\$aW2102-0046$b00$c20210423$lBLL01$h1819
=LEO  \\$aMP10.0000203418
=SRC  \\$aDSS01$bbibmp10.200404.2.aa
=TCO  \\$aXXX$c008

