=LDR  02314pam a2200697 a 4500
=001  006904405
=003  Uk
=005  20061102084243.0
=006  m\\\\\\\\i\\\\\\\\
=006  m\\\\\\\\d\\\\\\\\
=008  040219s2005\\\\ohu\\\\\\\\\\\000\0\eng\\
=015  \\$aGBA4Y7330$2bnb
=016  7\$a006904405$2Uk
=019  y\$abA4Y7330
=019  9\$a0324225032
=020  \\$a0324225032 (pbk. international student edition):$c£33.99
=020  \\$a0324225040 (pbk.)
=020  \\$a0324305273 (CD-ROM)
=020  \\$a0534274943 (Infotrac access code card)
=035  \\$a(UkOxU)UkOxUb16055223
=039  0\$a2782
=040  \\$aStDuBDS$dUkOxU$dUk
=042  \\$aukscp
=082  04$a658.562$222
=100  1\$aEvans, James R.$q(James Robert),$d1950-
=245  14$aThe management and control of quality /$cJames R. Evans, William M. Lindsay.
=250  \\$a6th ed.
=260  \\$aMason, Ohio :$bThompson South-Western,$cc2005.
=300  \\$a847 p. in various pagings ;$c26 cm. +$e1 CD-ROM (4 3/4 in.)
=336  \\$atext$2rdacontent
=337  \\$aunmediated$2rdamedia
=338  \\$avolume$2rdacarrier
=500  \\$aPrevious ed.: 2002.
=500  \\$aFormerly CIP.$5Uk
=650  \0$aQuality control.
=650  \0$aTotal quality management.
=690  7\$aManagement and Business Studies$2blcoll
=700  1\$aLindsay, William M.
=852  41$aBritish Library$bDSC
=852  41$aBritish Library$bHMNTS$jEMC.2006.b.616
=856  42$uhttp://www.infotrac-college.com
=CAT  \\$aCONV$b00$c20040425$lBLL90$h0533
=CAT  \\$aCONV$b00$c20040502$lBLL01$h1357
=CAT  \\$aCIP_LDO_M$b00$c20050604$lBLL01$h1527
=CAT  \\$a10775$b40$c20050719$lBLL01$h1618
=CAT  \\$a10775$b40$c20050719$lBLL01$h1619
=CAT  \\$aglobal_upd$b40$c20060416$lBLL01$h1518
=CAT  \\$a9678$b40$c20061026$lBLL01$h1413
=CAT  \\$a11249$b40$c20061102$lBLL01$h0842
=CAT  \\$aBATCH$b00$c20090517$lBLL01$h1130
=CAT  \\$aWR16_021$c20160608$lBLL01$h1735
=CAT  \\$aBATCH-UPD$b00$c20160608$lBLL01$h2032
=CAT  \\$aBATCH-UPD$b00$c20180927$lBLL01$h2056
=FIN  \\$aY$d20061026
=FMT  \\$a  BK
=LAS  \\$aBATCH-UPD$b00$c20180927$lBLL01$h2056
=LDO  \\$aCIP
=LEO  \\$aMP5.0000121367
=SRC  \\$aLDS01$bbiblm.200404.2.aa
=SRC  \\$aBNB03$bbibmp5.200404.2.aa
=SRC  \\$aLDL

