=LDR  04654cas a2201057 a 4500
=001  007160067
=003  Uk
=005  20181012095407.0
=008  951019c19959999mauar\\\\\\\\\1\\\a0eng\c
=010  \\$asn 96031085 
=015  \\$a018769853$2dnb
=016  7\$a1381500-3$2DE-600
=019  c\$a2577172
=022  0\$a1089-6384
=035  \\$a(OCoLC)33330191
=040  \\$aEYM$beng$cEYM$dUIU$dHUL$dNSD$dMYG$dWAU$dNSD$dSYS$dDLC$dNSD$dOCLCQ$dMYG$dNLGGC$dLVB$dOCLCQ$dHEBIS$dDEBBG$dGBVCP$dMYG$dOCLCQ$dOCLCA$dOCLCQ$dOCLCA$dOCLCF$dCUS$dRDF$dYDXCP$dOCL$dMYG$dYDX$duk
=042  \\$apcc$ansdp
=050  00$aQA1$b.C86
=082  10$a510.72$223
=210  0\$aCurr. dev. math.
=222  \0$aCurrent developments in mathematics
=245  00$aCurrent developments in mathematics.
=260  \\$aCambridge, MA :$bInternational Press,$c©1994-
=300  \\$billustrations ;$c24 cm
=310  \\$aAnnual
=336  \\$atext$2rdacontent
=337  \\$aunmediated$2rdamedia
=338  \\$avolume$2rdacarrier
=362  0\$a1995-
=515  \\$aVol. for 1995 issued also in a "preliminary version" preceding a fuller formal version.
=530  \\$aAlso issued online.
=540  \\$aBritish Library not licensed to copy$c0$5Uk
=550  \\$aProceedings of a seminar sponsored by the departments of mathematics of Harvard University and of the Massachusetts Institute of Technology.
=588  \\$aLatest issue consulted: 2016.
=650  \0$aMathematics$vCongresses.
=650  \6$aMathématiques$vCongrès.
=650  17$aWiskunde.$2gtt
=650  \7$aMathematics.$2fast$0(OCoLC)fst01012163
=655  \7$aConference papers and proceedings.$2fast$0(OCoLC)fst01423772
=710  2\$aHarvard University.$bDepartment of Mathematics.
=710  2\$aMassachusetts Institute of Technology.$bDepartment of Mathematics.
=776  08$iOnline version:$tCurrent developments in mathematics$x2164-4829
=852  11$aBritish Library$bSTI$k(P)$h510.72$m-E(1)$32013-
=852  41$aBritish Library$bDSC$j3496.248000$31996-2007; 2013
=852  41$aBritish Library$bHMNTS$32017
=856  41$uhttp://www.intlpress.com/CDM/
=856  41$uhttp://ProjectEuclid.org/cdm
=945  \\$aCURRENT DEVELOPMENTS IN MATHEMATICS.
=959  \\$fHeld but not currently received
=985  \\$aNB. DSC stock (not currently held) treated as monographic conferences. Latest LDO issue carries no indication on resource that the papers published were presented at an annual conference (so not possible to create a conference heading) Hence decision to treat as a serial. ED.
=A02  \\$a2577172
=ACF  \\$aPrevious copyright fee: GBP9.00$c0$e01-apr-2010$fGBP9.00$g0$hA$5Uk
=ACF  \\$aPrevious copyright fee: GBP6.00$c0$e01-apr-2008$fGBP6.00$g0$hA$5Uk
=ACF  \\$aPrevious copyright fee: GBP5.00$c0$e01-jul-2002$fGBP5.00$g0$hA$5Uk
=ACF  \\$aCurrent copyright fee: GBP2.50$c0$e27-jan-1999$fGBP2.50$g0$hC$5Uk
=ACF  \\$aPrevious copyright fee: GBP10.50$c0$e01-jan-2011$fGBP10.50$g0$hA$5Uk
=CAT  \\$aCONV$b00$c20040425$lBLL90$h0701
=CAT  \\$aBATCH$b00$c20080330$lBLL01$h1817
=CAT  \\$aCDS08-UPD$b40$c20090804$lBLL01$h1918
=CAT  \\$aBATCH$b00$c20091207$lBLL01$h0404
=CAT  \\$aBATCH$b00$c20091214$lBLL01$h0206
=CAT  \\$aBATCH$b00$c20091216$lBLL01$h0035
=CAT  \\$aBATCH-UPD$b00$c20100225$lBLL01$h2248
=CAT  \\$aBATCH-UPD$b00$c20100331$lBLL01$h2036
=CAT  \\$aBATCH-UPD$b00$c20100401$lBLL01$h0015
=CAT  \\$aBATCH$b00$c20100401$lBLL01$h0327
=CAT  \\$aBATCH$b00$c20100401$lBLL01$h1325
=CAT  \\$aBATCH-UPD$b00$c20101124$lBLL01$h1717
=CAT  \\$aBATCH-UPD$b00$c20101125$lBLL01$h0941
=CAT  \\$aIPL-CLA$c20101231$lBLL01$h1142
=CAT  \\$aBATCH-UPD$b00$c20110907$lBLL01$h1751
=CAT  \\$aIPL-CLA$c20110908$lBLL01$h1704
=CAT  \\$aBATCH-CLA$b00$c20121103$lBLL01$h1032
=CAT  \\$aWR13.005$c20130323$lBLL01$h1239
=CAT  \\$aBATCH-CLA$b00$c20131129$lBLL01$h1657
=CAT  \\$aIPL-CLA$c20131231$lBLL01$h1829
=CAT  \\$a8483$b40$c20170407$lBLL01$h1452
=CAT  \\$a8483$b40$c20170407$lBLL01$h1454
=CAT  \\$a8483$b40$c20170425$lBLL01$h1125
=CAT  \\$a8483$b40$c20170425$lBLL01$h1128
=CAT  \\$a8483$b40$c20170425$lBLL01$h1135
=CAT  \\$a10806$b40$c20181012$lBLL01$h0954
=CFI  0\$aBritish Library not licensed to copy$c0$e01-jan-2014$hC$iCFP Excluded$5Uk
=CFI  2\$aBritish Library not licensed to copy$c0$e07-sep-2011$hC$iTX$5Uk
=FIN  \\$aY
=FMT  \\$a  SE
=LAS  \\$a10806$b40$c20181012$lBLL01$h0954
=LEO  \\$aMP10.0000176376
=SRC  \\$aDSS01$bbibmp10.200404.2.aa
=SRC  \\$aBLL02
=TCO  \\$aTRS$bCCC$c008

