=LDR  04046cam a22008537i 4500
=001  018508070
=003  Uk
=005  20230924064737.0
=008  161012s2017\\\\it\a\\\\\b\\\\101\0\ita\d
=020  \\$a9782728311279$q(paperback)
=020  \\$a2728311277$q(paperback)
=020  \\$z9782728311286$qEPub
=035  \\$a(OCoLC)962035120
=040  \\$aNARDE$beng$cNARDE$dOCLCQ$dAUXAM$dERASP$dOHX$dNARDE$dCGU$dINU$dOCLCF$dC3L$dIPS$dOCL$dUk$erda
=041  0\$aita$aeng$afre$ager
=042  \\$aukblderived
=043  \\$ae------$aaw-----$aff-----
=050  \4$aDG83$b.G694 2011
=082  14$a320$223
=111  2\$aGovernare e riformare l'Impero al momento della sua divisione: oriente, occidente, Illirico (Conference)$d(2011 :$cRome, Italy)
=245  10$aGovernare e riformare l'Impero al momento della sua divisione :$boriente, occidente, Illirico /$ca cura di Umberto Roberto e Laura Mecella.
=264  \1$a[Rome] :$bÉcole française de Rome,$c[2017]
=300  \\$a386 pages :$billustrations ;$c24 cm.
=336  \\$atext$btxt$2rdacontent
=336  \\$astill image$bsti$2rdacontent
=337  \\$aunmediated$bn$2rdamedia
=338  \\$avolume$bnc$2rdacarrier
=490  1\$aCollection de l'École française de Rome ;$v507
=500  \\$aProceedings of the conference "Governare e riformare l'Impero al momento della sua divisione: oriente, occidente, Illirico/Gouverner et réformer l'Empire à l'épreuve de sa partition: orient, occident et Illyricum" held in Rome, September 26-27, 2011.
=504  \\$aIncludes bibliographical references and indexes.
=540  \\$aCurrent Copyright Fee: GBP25.00$c0$5Uk
=546  \\$aPapers in Italian, English, French and German.
=648  \7$aTo 527$2fast
=650  \7$aAdministrative and political divisions.$2fast$0(OCoLC)fst00796826
=650  \7$aPolitics and government.$2fast$0(OCoLC)fst01919741
=651  \0$aRome$xAdministrative and political divisions$vCongresses.
=651  \0$aRome$xPolitics and government$y284-476$vCongresses.
=651  \0$aByzantine Empire$xPolitics and government$yTo 527$vCongresses.
=651  \0$aRome$xHistory, Military$y30 B.C.-476 A.D.$vCongresses.
=651  \0$aByzantine Empire$xHistory, Military$yTo 527$vCongresses.
=651  \7$aByzantine Empire.$2fast$0(OCoLC)fst01209292
=651  \7$aRome (Empire)$2fast$0(OCoLC)fst01204885
=655  \7$aConference papers and proceedings.$2fast$0(OCoLC)fst01423772
=655  \7$aMilitary history.$2fast$0(OCoLC)fst01411630
=700  1\$aRoberto, Umberto,$eeditor.
=700  1\$aMecella, Laura,$d1979-$eeditor.
=830  \0$aCollection de l'École française de Rome ;$v507.
=852  41$aBritish Library$bDSC$j3310.417000
=852  41$aBritish Library$bHMNTS$jAc.5233.a.[....]
=852  41$aBritish Library$bHMNTS
=852  41$aBritish Library$bHMNTS$jAc.5233.a.[507]
=856  42$uhttp://www.liberdomus.it/liberdomus/nrdcc/abstracts/D0135053276.pdf
=ACF  \\$aPrevious Copyright Fee: GBP15.00$c0$e01-jan-2017$fGBP15.00$g0$hA$5Uk
=ACF  \\$aPrevious Copyright Fee: GBP20.00$c0$e01-jan-2020$fGBP20.00$g0$hA$5Uk
=CAT  \\$a8411$b40$c20170912$lBLL01$h1110
=CAT  \\$a8197$b40$c20170912$lBLL01$h1126
=CAT  \\$aBATCH-CLA$b00$c20170913$lBLL01$h0133
=CAT  \\$aBATCH-CLA$b00$c20171222$lBLL01$h2222
=CAT  \\$aIPL-CLA$c20171231$lBLL01$h1835
=CAT  \\$aBATCH-CLA$b00$c20191219$lBLL01$h1804
=CAT  \\$aIPL-CLA$c20191231$lBLL01$h2044
=CAT  \\$aR2001-1524$c20200127$lBLL01$h2109
=CAT  \\$aBATCH-CLA$b00$c20200128$lBLL01$h0448
=CAT  \\$aBATCH-CLA$b00$c20201204$lBLL01$h1616
=CAT  \\$aIPL-CLA$c20201231$lBLL01$h2349
=CAT  \\$aBATCH-CLA$b00$c20221221$lBLL01$h1934
=CAT  \\$aIPL-CLA$c20221231$lBLL01$h2342
=CAT  \\$aW2308-1659$c20230923$lBLL01$h0935
=CAT  \\$aBATCH-CLA$b00$c20230924$lBLL01$h0647
=CFI  0\$aCurrent Copyright Fee: GBP25.00$c0$e01-jan-2023$fGBP25.00$g0$hA$5Uk
=FIN  \\$aY$d20170912
=FMT  \\$a  BK
=LAS  \\$aBATCH-CLA$b00$c20230924$lBLL01$h0647
=SID  \\$aZ39$bOCLC

