=LDR  03607cam a22008297i 4500
=001  018615286
=003  Uk
=005  20230924064737.0
=008  170525s2017\\\\it\abef\\b\\\\001\0\ita\d
=020  \\$a9782728312047$q(paperback)
=020  \\$a2728312044$q(paperback)
=035  \\$a(OCoLC)989943670$z(OCoLC)991605285$z(OCoLC)999744074
=040  \\$aC3L$beng$cC3L$dAUXAM$dNARDE$dCGU$dOCLCF$dIPS$dNDD$dEYM$dOHX$dGZM$dOCL$dOCLCA$dUk$erda
=042  \\$aukblderived
=043  \\$ae-it---
=050  \4$aNA327.T5$bC557 2017
=082  14$a728$214
=100  1\$aCinque, Giuseppina Enrica,$eauthor.
=245  13$aLe rappresentazioni planimetriche di Villa Adriana tra XVI e XVIII secolo :$bLigorio, Contini, Kircher, Gordoin, Piranesi /$cGiuseppina Enrica Cinque.
=264  \1$a[Rome] :$bÉcole française de Rome,$c2017.
=300  \\$ax, 318 pages, 163 unnumbered pages of plates :$billustrations (some color), maps, plans ;$c28 cm.
=336  \\$atext$2rdacontent
=337  \\$aunmediated$2rdamedia
=338  \\$avolume$2rdacarrier
=490  1\$aCollection de l'École française de Rome ;$v525
=504  \\$aIncludes bibliographical references (pages 257-294) and indexes.
=540  \\$aCurrent Copyright Fee: GBP25.00$c0$5Uk
=610  20$aHadrian's Villa (Tivoli, Italy)
=610  20$aHadrian's Villa (Tivoli, Italy)$xIn art.
=610  27$aHadrian's Villa (Tivoli, Italy)$2fast$0(OCoLC)fst00630993
=648  \7$a1500-1799$2fast
=650  \0$aArchitecture, Roman$zItaly$zTivoli.
=650  \0$aArchitecture, Roman$zItaly$zTivoli$vDesigns and plans.
=650  \0$aArchitectural drawing$zItaly$y16th century.
=650  \0$aArchitectural drawing$zItaly$y17th century.
=650  \0$aArchitectural drawing$zItaly$y18th century.
=650  \7$aArchitectural drawing.$2fast$0(OCoLC)fst00813226
=650  \7$aArchitecture, Roman.$2fast$0(OCoLC)fst00813932
=651  \7$aItaly.$2fast$0(OCoLC)fst01204565
=651  \7$aItaly$zTivoli.$2fast$0(OCoLC)fst01216696
=655  \7$aArt.$2fast$0(OCoLC)fst01423702
=655  \7$aDesigns and plans.$2fast$0(OCoLC)fst01423771
=830  \0$aCollection de l'École française de Rome ;$v525.
=852  41$aBritish Library$bDSC$j3310.417000
=852  41$aBritish Library$bHMNTS$jAc.5233.a.[....]
=852  41$aBritish Library$bHMNTS
=852  41$aBritish Library$bHMNTS$jAc.5233.a.[525]
=856  42$uhttp://www.liberdomus.it/liberdomus/nrdcc/abstracts/D0135054973.pdf
=ACF  \\$aPrevious Copyright Fee: GBP20.00$c0$e01-jan-2020$fGBP20.00$g0$hA$5Uk
=CAT  \\$a8411$b40$c20171121$lBLL01$h1453
=CAT  \\$a8411$b40$c20171121$lBLL01$h1459
=CAT  \\$a8411$b40$c20171121$lBLL01$h1500
=CAT  \\$a8411$b40$c20171121$lBLL01$h1502
=CAT  \\$a8411$b40$c20171121$lBLL01$h1503
=CAT  \\$a8411$b40$c20171121$lBLL01$h1504
=CAT  \\$aBATCH-CLA$b00$c20180705$lBLL01$h0109
=CAT  \\$aBATCH-CLA$b00$c20191219$lBLL01$h1805
=CAT  \\$aIPL-CLA$c20191231$lBLL01$h2044
=CAT  \\$aR2001-1524$c20200127$lBLL01$h2109
=CAT  \\$aBATCH-CLA$b00$c20200128$lBLL01$h0448
=CAT  \\$aBATCH-CLA$b00$c20201204$lBLL01$h1617
=CAT  \\$aIPL-CLA$c20201231$lBLL01$h2350
=CAT  \\$aBATCH-CLA$b00$c20221221$lBLL01$h1935
=CAT  \\$aIPL-CLA$c20221231$lBLL01$h2343
=CAT  \\$aW2308-1659$c20230923$lBLL01$h0936
=CAT  \\$aBATCH-CLA$b00$c20230924$lBLL01$h0647
=CFI  0\$aCurrent Copyright Fee: GBP25.00$c0$e01-jan-2023$fGBP25.00$g0$hA$5Uk
=FIN  \\$aY$d20171121
=FMT  \\$a  BK
=LAS  \\$aBATCH-CLA$b00$c20230924$lBLL01$h0647
=SID  \\$aZ39$bOCLC
=TCO  \\$aITA$bAIDRO / SIAE$c008

