=LDR  02887cam a2200697 i 4500
=001  019827992
=003  Uk
=005  20230924061331.0
=008  200330s2019\\\\sz\a\\\\\b\\\|0|0\0|eng\\
=015  \\$aGBC342830$2bnb
=016  7\$a019827992$2Uk
=020  \\$a9789211172294$qpaperback
=020  \\$a9211172292$qpaperback
=020  \\$z9789210046589$qeISBN
=035  \\$a(OCoLC)1147701671
=040  \\$aAU@$beng$cAU@$dOCLCO$dYDX$dOCLCF$dUk$erda
=042  \\$aukblcatcopy
=082  14$a333.79$222
=245  00$aHow natural gas can support the uptake of renewable energy /$cUnited Nations Economic Commission for Europe.
=264  \1$aGeneva :$bUnited Nations,$c2019.
=300  \\$avi, 27 pages :$billustrations (colour) ;$c30 cm.
=336  \\$atext$2rdacontent
=337  \\$aunmediated$2rdamedia
=338  \\$avolume$2rdacarrier
=490  1\$aUNECE energy series,$x1014-7225 ;$vNo. 66
=500  \\$a"ECE/ENERGY/130"--verso of title page.
=500  \\$a"ISSN 2412-0022 (electronic)"--Title page verso.
=500  \\$a"Sales No.: E.20.II.E.15"--Title page verso.
=500  \\$a"United Nations publication. Sales No. E.20.II.E.15"--verso of title page.
=504  \\$aIncludes bibliographical references.
=530  \\$aAlso available online. Address as at 30/03/2020$uhttps://www.unece.org/fileadmin/DAM/energy/se/pdfs/CSE/PATHWAYS/publ/NG_RE.pdf
=540  \\$aBritish Library not licensed to copy$c0$5Uk
=650  \0$aNatural gas.
=650  \0$aRenewable energy sources.
=650  \0$aEnergy development.
=650  \7$aEnergy development.$2fast$0(OCoLC)fst00910034
=650  \7$aNatural gas.$2fast$0(OCoLC)fst01034049
=650  \7$aRenewable energy sources.$2fast$0(OCoLC)fst01094570
=710  2\$aUnited Nations.$bEconomic Commission for Europe,$eissuing body.
=830  \0$aECE energy series ;$vno. 66.$x1014-7225.
=852  41$aBritish Library$bHMNTS$jOPB.9.x.216
=852  41$aBritish Library$bHMNTS$jUNA 222A/6
=852  41$aBritish Library$bDSC$j3647.344550
=852  41$aBritish Library$bHMNTS
=852  41$aBritish Library$bHMNTS$jOPB.2023.x.83
=856  41$uhttps://www.unece.org/fileadmin/DAM/energy/se/pdfs/CSE/PATHWAYS/publ/NG_RE.pdf
=CAT  \\$a8411$b40$c20200703$lBLL01$h1016
=CAT  \\$aBATCH-CLA$b00$c20200704$lBLL01$h0104
=CAT  \\$a7000$b40$c20201006$lBLL01$h1048
=CAT  \\$aBATCH-CLA$b00$c20201007$lBLL01$h0155
=CAT  \\$aBATCH-016$c20220713$lBLL01$h2153
=CAT  \\$aBATCH-CLA$b00$c20220714$lBLL01$h0106
=CAT  \\$a10883$b40$c20230223$lBLL01$h1137
=CAT  \\$aBATCH-CLA$b00$c20230224$lBLL01$h0145
=CAT  \\$aW2308-1659$c20230923$lBLL01$h0944
=CAT  \\$aBATCH-CLA$b00$c20230924$lBLL01$h0613
=CFI  0\$aBritish Library not licensed to copy$c0$e07-sep-2011$hC$iTX$5Uk
=FIN  \\$aY$d20201006
=FMT  \\$a  BK
=LAS  \\$aBATCH-CLA$b00$c20230924$lBLL01$h0613
=SID  \\$aZ39$bOCLC

