=LDR  02658cas a2200661 i 4500
=001  019966942
=003  Uk
=005  20220930143039.0
=007  ta
=008  171019c20189999iluqr\p\\\\\\\|\\\a0eng\\
=010  \\$a  2017202052
=022  \\$a2575-6605
=035  \\$a(OCoLC)1006752382
=040  \\$aDLC$beng$cDLC$dDLC$dOCLCO$dOCLCF$dUk$erda
=042  \\$aukblsr
=050  00$aQP301$b.J665
=082  10$a610.285$223
=210  0\$aJ. meas. phys. behav.$b(Print)
=222  \0$aJournal for the measurement of physical behaviour$b(Print)
=245  00$aJournal for the measurement of physical behaviour.
=246  1\$aJMPB
=264  \1$aChampagne, IL :$bHuman Kinetics,$c2018-
=310  \\$aQuarterly
=336  \\$atext$2rdacontent
=337  \\$aunmediated$2rdamedia
=338  \\$avolume$2rdacarrier
=362  1\$aBegan with: Volume 1, Issue 1 (March 2018).
=540  \\$aBritish Library not licensed to copy$c0$5Uk
=550  \\$a"The official journal of the International Society for the Measurement of Physical Behaviour."
=588  \\$aDescription based on: Volume 1, Issue 1 (March 2018); title from cover
=588  \\$aLatest issue consulted: volume 5, number 2 (June 2022).
=650  \0$aExcercise$xPhysiological aspects$vPeriodicals
=650  \0$aPhysical fitness$xHealth aspects$vPeriodicals.
=650  \0$aExcercise therapy$xMethods$vPeriodicals
=650  \7$aPhysical fitness$xHealth aspects.$2fast$0(OCoLC)fst01062580
=655  \7$aPeriodicals.$2fast$0(OCoLC)fst01411641
=710  2\$aInternational Society for the Measurement of Physical Behaviour,$eissuing body.
=776  08$iOnline version:$tJournal for the measurement of physical behaviour$x2575-6613
=852  41$aBritish Library$bDSC$j5015.450000$3Vol. 3, Issue 2 (2020)-v. 6, iss. (2023)
=852  \\$aBritish Library$bDSC
=856  41$uhttp://journals.humankinetics.com/journal/jmpb
=945  \\$aJournal for the measurement of physical behaviour
=959  \\$fHeld but not currently received
=CAT  \\$a15408$b40$c20201002$lBLL01$h1116
=CAT  \\$a15408$b40$c20201002$lBLL01$h1124
=CAT  \\$a8149$b40$c20210629$lBLL01$h1143
=CAT  \\$a8335$b40$c20211006$lBLL01$h0817
=CAT  \\$a10806$b40$c20220707$lBLL01$h0905
=CAT  \\$a5410$b40$c20220707$lBLL01$h1013
=CAT  \\$a5410$b40$c20220707$lBLL01$h1014
=CAT  \\$aBATCH-CLA$b00$c20220903$lBLL01$h0719
=CAT  \\$aIPL-CLA$c20220930$lBLL01$h1430
=CFI  0\$aBritish Library not licensed to copy$c0$e01-oct-2022$hC$iCFP Excluded$5Uk
=FIN  \\$aY$d20220707
=FMT  \\$a  SE
=LAS  \\$aIPL-CLA$b00$c20220930$lBLL01$h1430
=SID  \\$aZ39$bOCLC
=TOC  \\$aETOC

