=LDR  02229cam a22006017i 4500
=001  019975056
=003  Uk
=005  20230924063321.0
=008  200826s2020\\\\sw\\\\\\\b\\\|0|0\0|eng\d
=020  \\$a9789179111069$qpaperback
=020  \\$z9789179111076$qpdf
=035  \\$a(OCoLC)1190771558
=040  \\$aS3O$bswe$cS3O$erda
=041  0\$aeng$aswe
=100  1\$aZakhour, Karim,$d1982-$eauthor.
=245  10$aWhile we wait :$bdemocratization, state and citizenship among young men in Tunisia's interior regions /$cKarim Zakhour.
=264  \1$aStockholm :$bDepartment of Political Science, Stockholm University,$c2020.
=300  \\$avi, 368 pages ;$c25 cm.
=336  \\$atext$2rdacontent
=337  \\$aunmediated$2rdamedia
=338  \\$avolume$2rdacarrier
=490  1\$aStockholm studies in politics,$x0346-6620 ;$v187
=502  \\$aDiss. Stockholm : Stockholms universitet, 2020.
=504  \\$aIncludes bibliographical references.
=530  \\$aAlso published electronically.
=540  \\$aBritish Library not licensed to copy$c0$5Uk
=546  \\$aEnglish and Swedish text.
=653  \\$aDemocratization
=653  \\$astate
=653  \\$acitizenship
=653  \\$aTunisia
=653  \\$ayouth
=653  \\$aClaude Lefort
=653  \\$aneoliberalism
=653  \\$awaiting
=710  2\$aStockholm University.$bDepartment of Political Science,$epublisher.
=776  08$iAnnat format$tWhile We Wait$z9789179111076
=830  \0$aStockholm studies in politics,$x0346-6620 ;$v187.
=852  41$aBritish Library$bDSC$j8465.700000
=852  41$aBritish Library$bHMNTS$jX.0700/438(.....)
=852  41$aBritish Library$bHMNTS
=856  42$uhttp://urn.kb.se/resolve?urn=urn:nbn:se:su:diva-183698
=CAT  \\$a8411$b40$c20201008$lBLL01$h1640
=CAT  \\$aBATCH-CLA$b00$c20201009$lBLL01$h0106
=CAT  \\$a11014$b40$c20201030$lBLL01$h1339
=CAT  \\$aBATCH-CLA$b00$c20201031$lBLL01$h0107
=CAT  \\$aW2308-1659$c20230923$lBLL01$h0946
=CAT  \\$aBATCH-CLA$b00$c20230924$lBLL01$h0633
=CFI  0\$aBritish Library not licensed to copy$c0$e01-oct-2012$hC$iCFP Excluded$5Uk
=FIN  \\$aY$d20201030
=FMT  \\$a  BK
=LAS  \\$aBATCH-CLA$b00$c20230924$lBLL01$h0633
=SID  \\$aZ39$bOCLC

