=LDR  05550cam a2200781 i 4500
=001  020441845
=003  Uk
=005  20221231235328.0
=008  210527s2021\\\\it\ab\\\\b\\\\100\0\fre\d
=020  \\$a9782728314065$qpaperback
=020  \\$a2728314063$qpaperback
=020  \\$z9782728314072$qepub
=035  \\$a(OCoLC)1252950268
=040  \\$aAUXAM$beng$cAUXAM$dGZM$dOCLCO$dERASP$dHTV$dOCLCO$dOCLCF$dC3L$dGUA$dFDA$dUk$dIPS$erda
=041  0\$afre$aspa$aita$bfre$bspa$bita$beng
=042  \\$aukblderived
=043  \\$ae------
=050  04$aHF1051$b.M35 2021
=082  14$a909$a382
=245  03$aLe marché des matières premières dans l'Antiquité et au Moyen Âge /$cétudes réunies par Didier Boisseuil, Christian Rico et Sauro Gelichi.
=264  \1$a[Rome] :$bÉcole française de Rome,$c2021.
=300  \\$a559 pages :$billustrations (some color), maps ;$c25 cm.
=336  \\$atext$btxt$2rdacontent
=337  \\$aunmediated$bn$2rdamedia
=338  \\$avolume$bnc$2rdacarrier
=490  1\$aCollection de l'École française de Rome,$x0223-5099 ;$v563
=500  \\$aSelected papers from three workshops which were held from October 2013 to November 2015. The first workshop, held October 25-26, 2013 at the École française de Rome, Rome, had the theme: Les lieux des échanges et du stockage (https://www.casadevelazquez.org/fileadmin/fichiers/investigacion/Epoque_antique_medievale/2013-2014/MMP-Programme-dyptique.pdf). The second workshop, held October 23-24, 2014 at the Casa de Velázquez, Madrid, had the theme: La circulación de las materias primas: rutas, medios, actores = La circulation des matières premières: routes, moyens, acteurs (https://www.efrome.it/fileadmin/res/PDF_Flyers_Affiches_Programmes/Moyen_Age/Le_Marche_des_ressources_naturelles_23_24_octobre_Madrid.pdf). The third workshop, held November 12-13, 2015 at the Università degli studi di Venezia, had the theme: Gli attori e l'organizzazione del mercato (https://www.efrome.it/fileadmin/res/PDF_Flyers_Affiches_Programmes/Moyen_Age/2015_prog_Il_mercato_delle_materie_prime.pdf). Program flyers viewed on December 6, 2021.
=504  \\$aIncludes bibliographical references.
=504  \\$aIncludes bibliographical references (pages 475-542).
=520  \\$a"Métaux, pierres et autres matériaux de construction, roches nobles, bois, textiles, cuirs, sel, matières tinctoriales, etc., les matières premières, brutes ou issues d'une première phase de transformation, n'ont pas été peu nombreuses, dans l'Antiquité et au Moyen Âge, à circuler sur des petites et moyennes distances, quand elles n'ont pas entrepris de longs voyages. Pour la première fois, un ouvrage est consacré à un trafic qui fut une composante à part entière des économies anciennes, gréco- romaine et médiévale. À travers de nombreuses études de cas et des synthèses ciblées, sont examinées les conditions dans lesquelles s'est développé un marché des matières premières, ses acteurs, publics comme privés, et, à travers eux, les réseaux qui ont été mis en place pour assurer, à diverses échelles géographiques, l'approvisionnement en produits autres qu'alimentaires mais de première nécessité"--Page 4 of cover.
=540  \\$aCurrent Copyright Fee: GBP25.00$c0$5Uk
=546  \\$aPapers predominantly in French, with 5 papers in Spanish and 4 in Italian. Summaries in English and the language of the paper.
=591  \\$aSelected papers.
=650  \0$aCommodity exchanges$zEurope$xHistory$vCongresses.
=650  \0$aRaw materials$xTransportation$zEurope$xHistory$vCongresses.
=650  \0$aMetal trade$zEurope$xHistory$yTo 1500$vCongresses.
=650  \0$aMineral industries$zEurope$xHistory$yTo 1500$vCongresses.
=650  \0$aShipping$zEurope$xHistory$yTo 1500$vCongresses.
=650  \7$aCommodity exchanges.$2fast$0(OCoLC)fst00869717
=651  \0$aEurope$xCommerce$xHistory$yTo 1500$vCongresses.
=655  \7$aHistory.$2fast$0(OCoLC)fst01411628
=690  7\$aManagement and Business Studies$2blcoll
=700  1\$aBoisseuil, Didier,$eauthor,$eeditor.
=700  1\$aRico, Christian,$eauthor,$eeditor.
=700  1\$aGelichi, Sauro,$eeditor.
=710  2\$aÉcole française de Rome,$ehost institution,$esponsoring body.
=710  2\$aCasa de Velázquez,$ehost institution,$esponsoring body.
=710  2\$aUniversità degli studi di Venezia,$ehost institution,$esponsoring body.
=830  \0$aCollection de l'École française de Rome ;$v563.
=852  41$aBritish Library$bDSC$j3310.417000
=852  41$aBritish Library$bHMNTS$jAc.5233.a.[....]
=852  41$aBritish Library$bHMNTS
=856  41$uhttp://digital.casalini.it/9782728314065
=945  \\$aCollection- Ecole Francaise de Rome, ISSN 0223-5099 ; no 563 2021
=CAT  \\$a8411$b40$c20220111$lBLL01$h1059
=CAT  \\$a8411$b40$c20220111$lBLL01$h1107
=CAT  \\$aBATCH-CLA$b00$c20220112$lBLL01$h0124
=CAT  \\$aBATCH-MBS$c20220114$lBLL01$h2128
=CAT  \\$aBATCH-CLA$b00$c20220115$lBLL01$h0105
=CAT  \\$aBATCH-CLA$b00$c20221221$lBLL01$h1939
=CAT  \\$aIPL-CLA$c20221231$lBLL01$h2353
=CFI  0\$aCurrent Copyright Fee: GBP25.00$c0$e01-jan-2023$fGBP25.00$g0$hA$5Uk
=CFI  2\$aPrevious Copyright Fee: GBP22.50$c0$e01-jan-2021$fGBP22.50$g0$hA$5Uk
=CNF  \\$aLes lieux des échanges et du stockage (Workshop)$d(2013 Oct :$cRome)
=FIN  \\$aY$d20220111
=FMT  \\$a  BK
=LAS  \\$aIPL-CLA$b00$c20221231$lBLL01$h2353
=SID  \\$aZ39$bOCLC

