=LDR  03006cam a22006257i 4500
=001  020471538
=003  Uk
=005  20230924064743.0
=008  211007s2021\\\\it\a\\\\\b\\\\101\0\fre\d
=020  \\$a9782728315079$qpaperback
=020  \\$a2728315078$qpaperback
=020  \\$z9782728315086$qepub
=035  \\$a(OCoLC)1285317493$z(OCoLC)1266212452$z(OCoLC)1269612643$z(OCoLC)1277197702$z(OCoLC)1281782002
=040  \\$aHTV$beng$cHTV$dUBC$dNARDE$dAUXAM$dGZM$dC3L$dERASP$dCGU$dHTV$dOCLCO$dOCLCF$dOHX$dUk$erda
=041  0\$afre$aita$aeng
=042  \\$aukblderived
=050  \4$aCT144$b.P358 2021
=082  \4$a940$a929
=245  00$aPanthéons de la Renaissance :$bmémoires et histoires des hommes et femmes illustres (v. 1350-1700) /$csous la direction d'Élisabeth Crouzet-Pavan, Jean-Baptiste Delzant et Clémence Revest.
=264  \1$aRome :$bÉcole française de Rome,$c2021.
=300  \\$a294 pages :$bcolor illustrations ;$c24 cm.
=336  \\$atext$btxt$2rdacontent
=337  \\$aunmediated$bn$2rdamedia
=338  \\$avolume$bnc$2rdacarrier
=490  1\$aCollection de l'École française de Rome,$x0223-5099 ;$vVol. 591
=504  \\$aIncludes bibliographical references and index.
=520  8\$aRéflexions sur l'essor des listes d'hommes et de femmes illustres en Europe entre les XIVe et XVIIe siècles. Les contributeurs soulignent les origines antiques de ces collections de noms exemplaires, qui célèbrent sous des formes diverses les grandeurs de l'humanité.
=530  \\$aAlso published electronically.
=540  \\$aCurrent Copyright Fee: GBP25.00$c0$5Uk
=546  \\$aChiefly in French, with two contributions in Italian and one in English.
=650  \0$aCelebrities$xBiography$xHistory and criticism.
=650  \7$aCelebrities$xBiography.$2fast$0(OCoLC)fst00850076
=655  \7$aCriticism, interpretation, etc.$2fast$0(OCoLC)fst01411635
=700  1\$aCrouzet-Pavan, Élisabeth,$eeditor.
=700  1\$aDelzant, Jean-Baptiste,$eeditor.
=700  1\$aRevest, Clémence,$d1981-$eeditor.
=830  \0$aCollection de l'École française de Rome ;$vv. 591.
=852  41$aBritish Library$bDSC$j3310.417000
=852  41$aBritish Library$bHMNTS$jAc.5233.a.[....]
=852  41$aBritish Library$bHMNTS
=852  41$aBritish Library$bHMNTS$jYF.2022.a.2333
=856  42$uhttp://www.liberdomus.it/liberdomus/nrdcc/abstracts/D0135063866.pdf
=856  41$uhttp://digital.casalini.it/9782728315079
=CAT  \\$a8411$b40$c20220201$lBLL01$h1525
=CAT  \\$a8411$b40$c20220201$lBLL01$h1526
=CAT  \\$aBATCH-CLA$b00$c20220202$lBLL01$h0150
=CAT  \\$aBATCH-CLA$b00$c20221221$lBLL01$h1939
=CAT  \\$aIPL-CLA$c20221231$lBLL01$h2353
=CAT  \\$aW2308-1659$c20230923$lBLL01$h0950
=CAT  \\$aBATCH-CLA$b00$c20230924$lBLL01$h0647
=CFI  0\$aCurrent Copyright Fee: GBP25.00$c0$e01-jan-2023$fGBP25.00$g0$hA$5Uk
=FIN  \\$aY$d20220201
=FMT  \\$a  BK
=LAS  \\$aBATCH-CLA$b00$c20230924$lBLL01$h0647
=SID  \\$aZ39$bOCLC

