=LDR  02415cam a22006017i 4500
=001  020471544
=003  Uk
=005  20230924064743.0
=008  211015s2021\\\\fr\\\\\\\b\\\\001\0\fre\d
=020  \\$a9782728314959$qpaperback
=020  \\$a2728314950
=020  \\$z9782728314666$qepub
=035  \\$a(OCoLC)1276844327$z(OCoLC)1277198826
=040  \\$aAUXAM$beng$cAUXAM$dUBC$dC3L$dCGU$dOCLCO$dOCLCF$dUk$erda
=041  0\$afre$aeng$aita
=042  \\$aukblderived
=050  \4$aGT555$b.C688 2021
=082  \4$a937$a391
=245  03$aLe costume de prince :$bvivre et se conduire en souverain dans la Rome antique d'Auguste à Constantin /$csous la direction de Philippe Le Doze.
=264  \1$aRome :$bÉcole française de Rome,$c2021.
=300  \\$a590 pages ;$c24 cm.
=336  \\$atext$btxt$2rdacontent
=337  \\$aunmediated$bn$2rdamedia
=338  \\$avolume$bnc$2rdacarrier
=490  1\$aCollection de l'École française de Rome,$x0223-5099 ;$v587
=504  \\$aIncludes bibliographical references and index.
=530  \\$aAlso published electronically.
=540  \\$aCurrent Copyright Fee: GBP25.00$c0$5Uk
=546  \\$aChiefly in French, with contributions in Italian and in English.
=650  \0$aClothing and dress$zRome.
=650  \7$aClothing and dress.$2fast$0(OCoLC)fst00864680
=650  \7$aKings and rulers$xClothing.$2fast$0(OCoLC)fst00987701
=651  \0$aRome$xKings and rulers$xClothing.
=651  \7$aRome (Empire)$2fast$0(OCoLC)fst01204885
=700  1\$aLe Doze, Philippe,$d1972-$eeditor.
=830  \0$aCollection de l'École française de Rome ;$vv. 587.
=852  41$aBritish Library$bDSC$j3310.417000
=852  41$aBritish Library$bHMNTS$jAc.5233.a.[....]
=852  41$aBritish Library$bHMNTS
=852  41$aBritish Library$bHMNTS$jYF.2022.a.2327
=856  41$uhttp://digital.casalini.it/9782728314959
=CAT  \\$a8411$b40$c20220201$lBLL01$h1532
=CAT  \\$a8411$b40$c20220201$lBLL01$h1536
=CAT  \\$aBATCH-CLA$b00$c20220202$lBLL01$h0150
=CAT  \\$aBATCH-CLA$b00$c20221221$lBLL01$h1939
=CAT  \\$aIPL-CLA$c20221231$lBLL01$h2353
=CAT  \\$aW2308-1659$c20230923$lBLL01$h0950
=CAT  \\$aBATCH-CLA$b00$c20230924$lBLL01$h0647
=CFI  0\$aCurrent Copyright Fee: GBP25.00$c0$e01-jan-2023$fGBP25.00$g0$hA$5Uk
=FIN  \\$aY$d20220201
=FMT  \\$a  BK
=LAS  \\$aBATCH-CLA$b00$c20230924$lBLL01$h0647
=SID  \\$aZ39$bOCLC

