=LDR  03553cam a2200673 i 4500
=001  020471546
=003  Uk
=005  20221231235337.0
=008  211103s2021\\\\it\a\\\\\b\\\\101\0\fre\d
=020  \\$a9782728314898$qpaperback
=020  \\$z9782728314904$qepub
=020  \\$a2728314896
=035  \\$a(OCoLC)1286627041$z(OCoLC)1274118074$z(OCoLC)1281102147
=040  \\$aC3L$beng$cC3L$dC3L$dGZM$dCGU$dERASP$dAUXAM$dGZM$dOCLCF$dOCLCO$dUk$erda
=041  0\$afre$aita$bfre$bita$beng
=042  \\$aukblderived
=043  \\$ae-it---
=050  \4$aPN2686.R6$bS64 2021
=082  14$a791$214
=245  00$aSpectacles et performances artistique à Rome (1644-1740) :$bune analyse historique à partir des archives familiales de l'aristocratie = Spettacoli e "performance" artistiche a Roma (1644-1740) : analisi storica attraverso gli archivi delle famiglie aristocratiche /$csous la direction d'Anne-Madeleine Goulet, José María Domínguez et Élodie Oriol.
=246  31$aSpettacoli e "performance" artistiche a Roma (1644-1740) :$banalisi storica attraverso gli archivi delle famiglie aristocratiche
=264  \1$aRome :$bÉcole française de Rome,$c2021.
=300  \\$axii, 569 pages :$billustrations ;$c24 cm.
=336  \\$atext$btxt$2rdacontent
=337  \\$aunmediated$bn$2rdamedia
=338  \\$avolume$bnc$2rdacarrier
=490  1\$aCollection de l'École française de Rome,$x0223-5099 ;$v585
=500  \\$aSelected papers presented at three conferences held at the École française de Rome, Rome, Italy, February 28, 2018, June 5, 2018, and at the Universidad de La Rioja, Logroño, Spain, October 25-26, 2018.
=504  \\$aIncludes bibliographical references and indexes.
=520  8\$aÀ partir de l'étude des archives d'une douzaine de familles romaines, les historiens parviennent à une meilleure connaissance de l'histoire matérielle, sociale, économique et politique des arts du spectacle en contexte aristocratique à Rome entre 1644 et 1740.
=530  \\$aAlso published electronically.
=540  \\$aCurrent Copyright Fee: GBP25.00$c0$5Uk
=546  \\$aContributions in French and Italian; abstracts in French, Italian and English.
=650  \0$aTheater$zItaly$zRome$xHistory$vCongresses.
=650  \0$aPerformance art$zItaly$zRome$xHistory$vCongresses.
=650  \7$aPerformance art.$2fast$0(OCoLC)fst01057852
=650  \7$aTheater.$2fast$0(OCoLC)fst01149217
=651  \7$aItaly$zRome.$2fast$0(OCoLC)fst01204500
=655  \7$aConference papers and proceedings.$2fast$0(OCoLC)fst01423772
=655  \7$aHistory.$2fast$0(OCoLC)fst01411628
=700  1\$aGoulet, Anne-Madeleine,$eeditor.
=700  1\$aDominguez, José Maria,$eeditor.
=700  1\$aOriol, Élodie,$eeditor.
=830  \0$aCollection de l'École française de Rome ;$v585.
=852  41$aBritish Library$bDSC$j3310.417000
=852  41$aBritish Library$bHMNTS$jAc.5233.a.[....]
=852  41$aBritish Library$bHMNTS
=852  41$aBritish Library$bHMNTS$jYF.2022.a.2331
=856  41$uhttp://digital.casalini.it/9782728314898
=CAT  \\$a8411$b40$c20220201$lBLL01$h1540
=CAT  \\$aBATCH-CLA$b00$c20220202$lBLL01$h0150
=CAT  \\$aBATCH-CLA$b00$c20221221$lBLL01$h1939
=CAT  \\$aIPL-CLA$c20221231$lBLL01$h2353
=CFI  0\$aCurrent Copyright Fee: GBP25.00$c0$e01-jan-2023$fGBP25.00$g0$hA$5Uk
=CFI  2\$aPrevious Copyright Fee: GBP22.50$c0$e01-jan-2021$fGBP22.50$g0$hA$5Uk
=FIN  \\$aY$d20220201
=FMT  \\$a  BK
=LAS  \\$aIPL-CLA$b00$c20221231$lBLL01$h2353
=SID  \\$aZ39$bOCLC

