=LDR  03573cam a22006857i 4500
=001  020508158
=003  Uk
=005  20230924064743.0
=008  210929s2021\\\\it\abch\\b\\\\001\0\fre\d
=020  \\$a9782728314515$qpaperback
=020  \\$a2728314519$qpaperback
=020  \\$z9782728314522$qepub
=035  \\$a(OCoLC)1269612200$z(OCoLC)1277195302$z(OCoLC)1277198020$z(OCoLC)1281113462$z(OCoLC)1285278389
=040  \\$aAUXAM$beng$cAUXAM$dNARDE$dUBC$dC3L$dSTF$dERASP$dCGU$dOCLCF$dOCLCO$dUk$dIPS$dUk$dOHX$erda
=042  \\$aukblderived
=043  \\$ae-it---
=050  \4$aML290.8.R6$bO756 2021
=100  1\$aOriol, Élodie,$eauthor.
=245  10$aVivre de la musique à Rome au XVIIIe siècle /$cÉlodie Oriol.
=264  \1$a[Rome] :$bÉcole française de Rome,$c2021.
=300  \\$axi, 578 pages :$billustrations, facsimiles, maps, portraits ;$c24 cm.
=336  \\$atext$btxt$2rdacontent
=337  \\$aunmediated$bn$2rdamedia
=338  \\$avolume$bnc$2rdacarrier
=490  1\$aCollection de l'École française de Rome,$x0223-5099 ;$v575
=504  \\$aIncludes bibliographical references (pages 511-548) and indexes.
=520  8\$aLe livre est centré sur l'étude des ' métiers de la musique ' dans une perspective d'histoire sociale. Il analyse les lieux et institutions d'exercice, les pratiques observables dans chacun d'eux, en prenant en compte leurs singularités comme leurs imbrications ou porosités, ainsi que le déroulement des carrières, à partir d'évaluations quantitatives et de la reconstitution de parcours individuels. Elle vise également, grâce à des archives variées à appréhender les conditions sociales des musiciens, en s'attachant aux revenus, aux hiérarchies, aux protections et aux mobilités.
=530  \\$aAlso published electronically.
=540  \\$aCurrent Copyright Fee: GBP25.00$c0$5Uk
=648  \7$a1700-1799$2fast
=650  \0$aMusic$xSocial aspects$zItaly$zRome$xHistory$y18th century.
=650  \0$aMusicians$zItaly$zRome$xSocial conditions$y18th century.
=650  \0$aMusic patronage$zItaly$zRome$xHistory$y18th century.
=650  \0$aMusic$zItaly$zRome$y18th century$xHistory and criticism.
=650  \7$aMusic.$2fast$0(OCoLC)fst01030269
=650  \7$aMusic patronage.$2fast$0(OCoLC)fst01030583
=650  \7$aMusic$xSocial aspects.$2fast$0(OCoLC)fst01030444
=650  \7$aMusicians$xSocial conditions.$2fast$0(OCoLC)fst01030867
=651  \7$aItaly$zRome.$2fast$0(OCoLC)fst01204500
=655  \7$aCriticism, interpretation, etc.$2fast$0(OCoLC)fst01411635
=655  \7$aHistory.$2fast$0(OCoLC)fst01411628
=830  \0$aCollection de l'École française de Rome ;$v575.
=852  41$aBritish Library$bDSC$j3310.417000
=852  41$aBritish Library$bHMNTS$jAc.5233.a.[....]
=852  41$aBritish Library$bHMNTS
=852  41$aBritish Library$bHMNTS$jYF.2022.a.10524
=856  42$uhttp://www.liberdomus.it/liberdomus/nrdcc/abstracts/D0135063867.pdf
=856  41$uhttp://digital.casalini.it/9782728314515
=CAT  \\$a8411$b40$c20220307$lBLL01$h1645
=CAT  \\$a8411$b40$c20220307$lBLL01$h1646
=CAT  \\$aBATCH-CLA$b00$c20220308$lBLL01$h0103
=CAT  \\$aBATCH-CLA$b00$c20221221$lBLL01$h1939
=CAT  \\$aIPL-CLA$c20221231$lBLL01$h2353
=CAT  \\$aW2308-1659$c20230923$lBLL01$h0951
=CAT  \\$aBATCH-CLA$b00$c20230924$lBLL01$h0647
=CFI  0\$aCurrent Copyright Fee: GBP25.00$c0$e01-jan-2023$fGBP25.00$g0$hA$5Uk
=FIN  \\$aY$d20220307
=FMT  \\$a  BK
=LAS  \\$aBATCH-CLA$b00$c20230924$lBLL01$h0647
=SID  \\$aZ39$bOCLC

