=LDR  03322cam a2200757 i 4500
=001  017443805
=003  Uk
=005  20221231233428.0
=008  150608s2015\\\\it\ab\\\\b\\\|1|1\0|ita\d
=020  \\$a9782728310821 (paperback)
=020  \\$a2728310823 (paperback)
=035  \\$a(OCoLC)911401243
=040  \\$aNARDE$beng$cNARDE$dUk$erda
=042  \\$aukblsr
=245  00$aCasa Savoia e Curia romana dal Cinquecento al Risorgimento /$ca cura di Jean-François Chauvard, Andrea Merlotti e Maria Antonietta Visceglia.
=264  \1$aRoma :$bÉcole française de Rome,$c2015.
=300  \\$a564 pages :$billustrations (black and white), maps (black and white) ;$c24 cm.
=336  \\$atext$2rdacontent
=337  \\$aunmediated$2rdamedia
=338  \\$avolume$2rdacarrier
=490  1\$aCollection de l'École française de Rome,$x0223-5099 ;$v500
=500  \\$aConference proceedings.
=504  \\$aIncludes bibliographical references and index.
=540  \\$aCurrent Copyright Fee: GBP25.00$c0$5Uk
=600  30$aSavoy, House of.
=610  20$aCatholic Church.$bCuria Romana.
=610  20$aCatholic Church$xForeign relations$xRelations$zSavoy (France and Italy)
=651  \0$aSavoy (France and Italy)$xForeign relations$zCatholic Church.
=653  1\$aItalian Peninsula & adjacent islands$aModern history
=700  1\$aChauvard, Jean-François,$eeditor.
=700  1\$aMerlotti, Andrea,$eeditor.
=700  1\$aVisceglia, Maria Antonietta,$eeditor.
=710  2\$aÉcole française de Rome,$epublisher.
=830  \0$aCollection de l'École française de Rome,$x0223-5099 ;$v500.
=852  41$aBritish Library$bDSC$j3310.417000
=852  41$aBritish Library$bHMNTS$jAc.5233.a.[....]
=852  41$aBritish Library$bHMNTS
=852  41$aBritish Library$bHMNTS$jAc.5233.a.[500]
=856  42$uhttp://www.liberdomus.it/liberdomus/nrdcc/abstracts/D0135050400.pdf
=ACF  \\$aPrevious Copyright Fee: GBP12.30$c0$e01-jan-2014$fGBP12.30$g0$hA$5Uk
=ACF  \\$aPrevious Copyright Fee: GBP15.00$c0$e01-jan-2017$fGBP15.00$g0$hA$5Uk
=ACF  \\$aPrevious Copyright Fee: GBP20.00$c0$e01-jan-2020$fGBP20.00$g0$hA$5Uk
=CAT  \\$a8197$b40$c20150714$lBLL01$h1417
=CAT  \\$a7164$b40$c20150716$lBLL01$h0839
=CAT  \\$a11250$b40$c20150730$lBLL01$h1521
=CAT  \\$aBATCH-CLA$b00$c20150731$lBLL01$h0110
=CAT  \\$a7483$b40$c20150803$lBLL01$h1635
=CAT  \\$aBATCH-CLA$b00$c20150804$lBLL01$h0116
=CAT  \\$aBATCH-CLA$b00$c20161222$lBLL01$h1839
=CAT  \\$aIPL-CLA$c20161231$lBLL01$h0023
=CAT  \\$aBATCH-CLA$b00$c20171222$lBLL01$h2219
=CAT  \\$aIPL-CLA$c20171231$lBLL01$h1829
=CAT  \\$aBATCH-CLA$b00$c20191219$lBLL01$h1803
=CAT  \\$aIPL-CLA$c20191231$lBLL01$h2041
=CAT  \\$aR2001-1524$c20200127$lBLL01$h2105
=CAT  \\$aBATCH-CLA$b00$c20200128$lBLL01$h0448
=CAT  \\$aBATCH-CLA$b00$c20201204$lBLL01$h1614
=CAT  \\$aIPL-CLA$c20201231$lBLL01$h2345
=CAT  \\$aBATCH-CLA$b00$c20221221$lBLL01$h1931
=CAT  \\$aIPL-CLA$c20221231$lBLL01$h2334
=CFI  0\$aCurrent Copyright Fee: GBP25.00$c0$e01-jan-2023$fGBP25.00$g0$hA$5Uk
=CFI  2\$aPrevious Copyright Fee: GBP22.50$c0$e01-jan-2021$fGBP22.50$g0$hA$5Uk
=FIN  \\$aY$d20150730
=FMT  \\$a  BK
=LAS  \\$aIPL-CLA$b00$c20221231$lBLL01$h2334
=SID  \\$aZ39$bOCLC

