=LDR  04132cam a22009257i 4500
=001  017443858
=003  Uk
=005  20230924064732.0
=008  140911s2014\\\\it\a\\\\\b\\\\001\0\mul\d
=020  \\$a9782728309900
=020  \\$a2728309906
=035  \\$a(OCoLC)891143913
=040  \\$aNARDE$beng$cNARDE$dOCLCQ$dSTF$dOCLCO$dGZM$dCUY$dOCLCF$dUk$erda
=041  1\$afre$aita$hfre$hita
=042  \\$aukblderived
=043  \\$ae-it---
=050  \4$aHE311.I82$bR676 2014
=050  \4$aDG14$b.E25 v.492
=050  \4$aHE333$b.R66 2014
=082  14$a710$223
=245  00$a"Rome par tous les moyens" :$bévolutions urbaines et mobilité, XXe-XXIe siècles /$cétudes réunies par Aurélien Delpirou et Arnaud Passalacqua. Roma con tutti i mezzi : evoluzioni urbane e mobilità, secoli XX-XXI / a cura di Aurélien Delpirou e Arnaud Passalacqua ; traduzione italiana a cura di Franco Bruni.
=246  31$aRoma con tutti i mezzi :$bevoluzioni urbane e mobilità, secoli XX-XXI
=264  \1$aRoma :$bÉcole française de Rome,$c2014.
=300  \\$a123, 121 pages :$billustrations (chiefly color) ;$c24 cm.
=336  \\$atext$btxt$2rdacontent
=337  \\$aunmediated$bn$2rdamedia
=338  \\$avolume$bnc$2rdacarrier
=490  1\$aCollection de l'École française de Rome,$x0223-5099 ;$v492
=500  \\$aBound tête-bêche.
=500  \\$aItalian title and statement of responsibility from added title page.
=504  \\$aIncludes bibliographical references and indexes.
=540  \\$aCurrent Copyright Fee: GBP25.00$c0$5Uk
=546  \\$aText in French with Italian translations; 1 text translated from Italian to French.
=650  \0$aUrban transportation$zItaly$zRome$xHistory.
=650  \0$aUrban transportation policy$zItaly$zRome$xHistory.
=650  \0$aTransportation$zItaly$zRome$xHistory.
=650  \0$aTraffic engineering$zItaly$zRome.
=650  \0$aRoads$zItaly$zRome.
=650  \0$aUrbanization$zItaly$zRome$xHistory.
=650  \0$aTransportation and state$zItaly$zRome$xHistory.
=650  \7$aRoads.$2fast$0(OCoLC)fst01098511
=650  \7$aTraffic engineering.$2fast$0(OCoLC)fst01154087
=650  \7$aTransportation.$2fast$0(OCoLC)fst01155007
=650  \7$aTransportation and state.$2fast$0(OCoLC)fst01155244
=650  \7$aUrban transportation.$2fast$0(OCoLC)fst01162609
=650  \7$aUrban transportation policy.$2fast$0(OCoLC)fst01162672
=650  \7$aUrbanization.$2fast$0(OCoLC)fst01162722
=651  \7$aItaly$zRome.$2fast$0(OCoLC)fst01204500
=655  \7$aHistory.$2fast$0(OCoLC)fst01411628
=700  1\$aDelpirou, Aurélien,$eeditor.
=700  1\$aPassalacqua, Arnaud,$eeditor.
=710  2\$aÉcole française de Rome.
=830  \0$aCollection de l'École française de Rome ;$v492.
=852  41$aBritish Library$bDSC$j3310.417000
=852  41$aBritish Library$bHMNTS$jAc.5233.a.[....]
=852  41$aBritish Library$bHMNTS
=852  41$aBritish Library$bHMNTS$jAc.5233.a.[492]
=856  42$uhttp://www.liberdomus.it/liberdomus/nrdcc/abstracts/D0135049168.pdf
=ACF  \\$aPrevious Copyright Fee: GBP20.00$c0$e01-jan-2020$fGBP20.00$g0$hA$5Uk
=CAT  \\$a8197$b40$c20150714$lBLL01$h1523
=CAT  \\$a8197$b40$c20150714$lBLL01$h1525
=CAT  \\$a7164$b40$c20150716$lBLL01$h0902
=CAT  \\$aBATCH-UPD$b40$c20150925$lBLL01$h1134
=CAT  \\$aBATCH-CLA$b00$c20180705$lBLL01$h0109
=CAT  \\$aBATCH-CLA$b00$c20191219$lBLL01$h1803
=CAT  \\$aIPL-CLA$c20191231$lBLL01$h2041
=CAT  \\$aR2001-1524$c20200127$lBLL01$h2105
=CAT  \\$aBATCH-CLA$b00$c20200128$lBLL01$h0448
=CAT  \\$aBATCH-CLA$b00$c20201204$lBLL01$h1614
=CAT  \\$aIPL-CLA$c20201231$lBLL01$h2345
=CAT  \\$aBATCH-CLA$b00$c20221221$lBLL01$h1931
=CAT  \\$aIPL-CLA$c20221231$lBLL01$h2334
=CAT  \\$aW2308-1659$c20230923$lBLL01$h0953
=CAT  \\$aBATCH-CLA$b00$c20230924$lBLL01$h0647
=CFI  0\$aCurrent Copyright Fee: GBP25.00$c0$e01-jan-2023$fGBP25.00$g0$hA$5Uk
=FIN  \\$aY$d20150714
=FMT  \\$a  BK
=LAS  \\$aBATCH-CLA$b00$c20230924$lBLL01$h0647
=SID  \\$aZ39$bOCLC
=TCO  \\$aITA$bAIDRO / SIAE$c008

