=LDR  02953cam a22007217i 4500
=001  017484139
=003  Uk
=005  20230924064733.0
=008  150302s2014\\\\it\\\\\\\b\\\\001\0bfre\d
=020  \\$a9782728308903
=020  \\$a272830890X
=035  \\$a(OCoLC)905553162$z(OCoLC)905996176
=040  \\$aC3L$beng$cC3L$dOCLCQ$dAUXAM$dDEBSZ$dNARDE$dCGU$dOCLCO$dUk$erda
=042  \\$aukblderived
=043  \\$ae-fr---
=050  \4$aDC36.98.G75$bD454 2014
=082  14$a944$214
=245  00$aDe l'École française de Rome au journal La Croix :$bJean Guiraud, polémiste chrétien /$cétudes réunies par Jacques-Olivier Boudon.
=264  \1$aRoma :$bÉcole française de Rome,$c2014.
=300  \\$a421 pages ;$c24 cm.
=336  \\$atext$btxt$2rdacontent
=337  \\$aunmediated$bn$2rdamedia
=338  \\$avolume$bnc$2rdacarrier
=490  1\$aCollection de l'École française de Rome ;$v497
=504  \\$aIncludes bibliographical references and index.
=540  \\$aCurrent Copyright Fee: GBP25.00$c0$5Uk
=600  10$aGuiraud, Jean,$d1866-1953.
=610  20$aCatholic Church$zFrance$xHistory.
=630  00$aCroix (Paris, France)
=700  1\$aBoudon, Jacques-Olivier.
=830  \0$aCollection de l'École française de Rome ;$v497.
=852  41$aBritish Library$bDSC$j3310.417000
=852  41$aBritish Library$bHMNTS$jAc.5233.a.[....]
=852  41$aBritish Library$bHMNTS
=852  41$aBritish Library$bHMNTS$jAc.5233.a.[497]
=856  42$uhttp://www.liberdomus.it/liberdomus/nrdcc/abstracts/D0135050287.pdf
=ACF  \\$aPrevious Copyright Fee: GBP12.30$c0$e01-jan-2014$fGBP12.30$g0$hA$5Uk
=ACF  \\$aPrevious Copyright Fee: GBP15.00$c0$e01-jan-2017$fGBP15.00$g0$hA$5Uk
=ACF  \\$aPrevious Copyright Fee: GBP20.00$c0$e01-jan-2020$fGBP20.00$g0$hA$5Uk
=CAT  \\$a8197$b40$c20150811$lBLL01$h1053
=CAT  \\$a8197$b40$c20150811$lBLL01$h1054
=CAT  \\$a9701$b40$c20150817$lBLL01$h1437
=CAT  \\$aBATCH-CLA$b00$c20150818$lBLL01$h0112
=CAT  \\$aBATCH-UPD$b00$c20150925$lBLL01$h1134
=CAT  \\$aBATCH-CLA$b00$c20161222$lBLL01$h1839
=CAT  \\$aIPL-CLA$c20161231$lBLL01$h0023
=CAT  \\$aBATCH-CLA$b00$c20171222$lBLL01$h2219
=CAT  \\$aIPL-CLA$c20171231$lBLL01$h1829
=CAT  \\$aBATCH-CLA$b00$c20191219$lBLL01$h1803
=CAT  \\$aIPL-CLA$c20191231$lBLL01$h2041
=CAT  \\$aR2001-1524$c20200127$lBLL01$h2105
=CAT  \\$aBATCH-CLA$b00$c20200128$lBLL01$h0448
=CAT  \\$aBATCH-CLA$b00$c20201204$lBLL01$h1614
=CAT  \\$aIPL-CLA$c20201231$lBLL01$h2345
=CAT  \\$aBATCH-CLA$b00$c20221221$lBLL01$h1931
=CAT  \\$aIPL-CLA$c20221231$lBLL01$h2334
=CAT  \\$aW2308-1659$c20230923$lBLL01$h0953
=CAT  \\$aBATCH-CLA$b00$c20230924$lBLL01$h0647
=CFI  0\$aCurrent Copyright Fee: GBP25.00$c0$e01-jan-2023$fGBP25.00$g0$hA$5Uk
=FIN  \\$aY$d20150811
=FMT  \\$a  BK
=LAS  \\$aBATCH-CLA$b00$c20230924$lBLL01$h0647
=SID  \\$aZ39$bOCLC

