=LDR  02717cam a22006857i 4500
=001  017484146
=003  Uk
=005  20230924064733.0
=008  150608s2015\\\\it\a\\\\\b\\\\001\0\fre\d
=020  \\$a9782728310579 (paperback)
=020  \\$a2728310572
=035  \\$a(OCoLC)910731465$z(OCoLC)910101339
=040  \\$aNARDE$beng$cNARDE$dAUXAM$dOCLCQ$dC3L$dEQO$dOCLCO$dERASP$dCGU$dUk$erda
=042  \\$aukblderived
=050  \4$aDG83.5.A3$bD349 2015
=082  14$a720$223
=100  1\$aDaguet-Gagey, Anne.
=245  10$aSplendor aedilitatum :$bl'édilité à Rome (Ier s. avant J.-C.-IIIe s. après J.-C.) /$cAnne Daguet-Gagey.
=264  \1$aRoma :$bÉcole française de Rome,$c2015.
=300  \\$a807 pages :$billustrations (chiefly color) ;$c24 cm.
=336  \\$atext$btxt$2rdacontent
=337  \\$aunmediated$bn$2rdamedia
=338  \\$avolume$bnc$2rdacarrier
=490  1\$aCollection de l'Ecole française de Rome ;$v498
=504  \\$aIncludes bibliographical references and index.
=540  \\$aCurrent Copyright Fee: GBP25.00$c0$5Uk
=650  \0$aAediles.
=650  \0$aLocal government$zRome.
=650  \0$aPublic works$zRome.
=650  \0$aAmusements$zRome.
=650  \0$aFood industry and trade$zRome.
=651  \0$aRome$xHistory$yRepublic, 265-30 B.C.
=651  \0$aRome$xHistory$yEmpire, 30 B.C.-284 A.D.
=830  \0$aCollection de l'École française de Rome ;$v498.
=852  41$aBritish Library$bDSC$j3310.417000
=852  41$aBritish Library$bHMNTS$jAc.5233.a.[....]
=852  41$aBritish Library$bHMNTS
=852  41$aBritish Library$bHMNTS$jAc.5233.a.[498]
=856  42$uhttp://www.liberdomus.it/liberdomus/nrdcc/abstracts/D0135050399.pdf
=ACF  \\$aPrevious Copyright Fee: GBP20.00$c0$e01-jan-2020$fGBP20.00$g0$hA$5Uk
=CAT  \\$a8197$b40$c20150811$lBLL01$h1058
=CAT  \\$a8197$b40$c20150811$lBLL01$h1100
=CAT  \\$a8411$b40$c20150925$lBLL01$h1139
=CAT  \\$aBATCH-CLA$b00$c20180705$lBLL01$h0109
=CAT  \\$aBATCH-CLA$b00$c20191219$lBLL01$h1803
=CAT  \\$aIPL-CLA$c20191231$lBLL01$h2041
=CAT  \\$aR2001-1524$c20200127$lBLL01$h2105
=CAT  \\$aBATCH-CLA$b00$c20200128$lBLL01$h0448
=CAT  \\$aBATCH-CLA$b00$c20201204$lBLL01$h1614
=CAT  \\$aIPL-CLA$c20201231$lBLL01$h2345
=CAT  \\$aBATCH-CLA$b00$c20221221$lBLL01$h1931
=CAT  \\$aIPL-CLA$c20221231$lBLL01$h2334
=CAT  \\$aW2308-1659$c20230923$lBLL01$h0953
=CAT  \\$aBATCH-CLA$b00$c20230924$lBLL01$h0647
=CFI  0\$aCurrent Copyright Fee: GBP25.00$c0$e01-jan-2023$fGBP25.00$g0$hA$5Uk
=FIN  \\$aY$d20150811
=FMT  \\$a  BK
=LAS  \\$aBATCH-CLA$b00$c20230924$lBLL01$h0647
=SID  \\$aZ39$bOCLC
=TCO  \\$aITA$bAIDRO / SIAE$c008

