=LDR  03785cam a2200829 i 4500
=001  017556870
=003  Uk
=005  20230924064733.0
=008  150608s2015\\\\it\ab\\\\b\\\|0|1\0|ita\d
=020  \\$a9782728311316 (paperback)
=020  \\$a2728311315 (paperback)
=035  \\$a(OCoLC)911401242
=040  \\$aNARDE$beng$cNARDE$dOCLCQ$dUk$erda
=041  0\$aita$afre$beng
=042  \\$aukblsr
=245  03$aLa memoria di Ambrogio di Milano :$busi politici di una autorità patristica in Italia (secc. V-XVIII) /$ca cura di Patrick Boucheron, Stéphane Gioanni.
=264  \1$aRoma :$bÉcole française de Rome,$c2015.
=300  \\$a631 pages :$billustrations (black and white, and colour), maps (black and white) ;$c25 cm.
=336  \\$atext$btxt$2rdacontent
=337  \\$aunmediated$bn$2rdamedia
=338  \\$avolume$bnc$2rdacarrier
=490  1\$aCollection de l'École française de Rome,$x0290-4500 ;$v503
=490  1\$aPublications de la Sorbonne. Histoire ancienne et médiévale,$x0233-5099 ;$v133
=490  1\$aSérie du LAMOP ;$v2
=500  \\$aCollection of papers from two conferences and several meetings, held 2011-2012.
=504  \\$aIncludes bibliographical references and index.
=540  \\$aCurrent Copyright Fee: GBP25.00$c0$5Uk
=546  \\$aText in Italian and French with a foreword and introduction in French and abstracts in English.
=600  00$aAmbrose,$cSaint, Bishop of Milan,$d-397.
=650  \0$aChurch history$yPrimitive and early church, ca. 30-600.
=651  \0$aMilan (Italy)$xChurch history.
=653  1\$aAncient and medieval history$aItalian Peninsula & adjacent islands
=700  1\$aBoucheron, Patrick,$eeditor.
=700  1\$aGioanni, Stéphane,$eeditor.
=710  2\$aÉcole française de Rome,$epublisher.
=830  \0$aCollection de l'École française de Rome ;$v503.
=830  \0$aPublications de la Sorbonne. Histoire ancienne et médiévale,$x0290-4500 ;$v133.
=830  \0$aSérie du LAMOP ;$v2.
=852  41$aBritish Library$bDSC$j3310.417000
=852  41$aBritish Library$bHMNTS$jAc.5233.a.[....]
=852  41$aBritish Library$bHMNTS
=852  41$aBritish Library$bHMNTS$jAc.5233.a.[503]
=856  42$uhttp://www.liberdomus.it/liberdomus/nrdcc/abstracts/D0135050398.pdf
=ACF  \\$aPrevious Copyright Fee: GBP12.30$c0$e01-jan-2014$fGBP12.30$g0$hA$5Uk
=ACF  \\$aPrevious Copyright Fee: GBP15.00$c0$e01-jan-2017$fGBP15.00$g0$hA$5Uk
=ACF  \\$aPrevious Copyright Fee: GBP20.00$c0$e01-jan-2020$fGBP20.00$g0$hA$5Uk
=CAT  \\$a8411$b40$c20150925$lBLL01$h1145
=CAT  \\$a8411$b40$c20150925$lBLL01$h1146
=CAT  \\$a11070$b40$c20151008$lBLL01$h1202
=CAT  \\$aBATCH-CLA$b00$c20151009$lBLL01$h0130
=CAT  \\$a7483$b40$c20151022$lBLL01$h1528
=CAT  \\$aBATCH-UPD$b40$c20151022$lBLL01$h1528
=CAT  \\$aBATCH-CLA$b00$c20151023$lBLL01$h0118
=CAT  \\$aBATCH-CLA$b00$c20161222$lBLL01$h1839
=CAT  \\$aIPL-CLA$c20161231$lBLL01$h0024
=CAT  \\$aBATCH-CLA$b00$c20171222$lBLL01$h2220
=CAT  \\$aIPL-CLA$c20171231$lBLL01$h1830
=CAT  \\$aBATCH-CLA$b00$c20191219$lBLL01$h1803
=CAT  \\$aIPL-CLA$c20191231$lBLL01$h2041
=CAT  \\$aR2001-1524$c20200127$lBLL01$h2106
=CAT  \\$aBATCH-CLA$b00$c20200128$lBLL01$h0448
=CAT  \\$aBATCH-CLA$b00$c20201204$lBLL01$h1615
=CAT  \\$aIPL-CLA$c20201231$lBLL01$h2345
=CAT  \\$aBATCH-CLA$b00$c20221221$lBLL01$h1932
=CAT  \\$aIPL-CLA$c20221231$lBLL01$h2335
=CAT  \\$aW2308-1659$c20230923$lBLL01$h0954
=CAT  \\$aBATCH-CLA$b00$c20230924$lBLL01$h0647
=CFI  0\$aCurrent Copyright Fee: GBP25.00$c0$e01-jan-2023$fGBP25.00$g0$hA$5Uk
=FIN  \\$aY$d20151008
=FMT  \\$a  BK
=LAS  \\$aBATCH-CLA$b00$c20230924$lBLL01$h0647
=SID  \\$aZ39$bOCLC

