=LDR  04172cam a22008057i 4500
=001  018844789
=003  Uk
=005  20230924064738.0
=008  170525s2017\\\\it\ab\\\\b\\\\000\0\fre\d
=020  \\$a9782728312382$q(paperback)
=020  \\$a2728312389$q(paperback)
=035  \\$a(OCoLC)989135851$z(OCoLC)991607408$z(OCoLC)999787684$z(OCoLC)1000152292
=040  \\$aC3L$beng$cC3L$dOCLCQ$dNARDE$dAUXAM$dCGU$dOCLCF$dIPS$dEYM$dOHX$dGZM$dRBN$dOCLCA$dERASP$dOCL$dUk$erda
=041  1\$afre$aita$bfre$bita$aeng
=042  \\$aukblderived
=043  \\$ae-it---
=050  \4$aGN772.2.P4$bC356 2017
=082  14$a937$214
=245  00$aCampo delle Piane :$bun habitat de plein air épigravettien dans la Vallée du Gallero (Abruzzes, Italie centrale) /$csous la direction de Monique Olive.
=264  \1$a[Rome] :$bÉcole française de Rome,$c2017.
=300  \\$a168 pages :$billustrations (some color), maps ;$c28 cm.
=336  \\$atext$btxt$2rdacontent
=337  \\$aunmediated$bn$2rdamedia
=338  \\$avolume$bnc$2rdacarrier
=490  1\$aCollection de l'École française de Rome ;$v526
=504  \\$aIncludes bibliographical references (pages 135-145).
=520  8\$aLe site de Campo delle Piane (Abruzzes) est connu depuis le milieu du XXe siècle grâce aux travaux de deux archéologues préhistoriens, G.B. Leopardi et A.M. Radmilli. Longtemps considéré comme un des rares témoignages d?habitat de plein air du Paléolithique récent, de nombreuses interrogations demeuraient sur son attribution chrono-culturelle et sur son interprétation fonctionnelle. La reprise des recherches sur ce site avait pour objectif d?y répondre. La démarche suivie conjugue approches archéologique et géoarchéologique et a pour cadre une petite vallée de piémont du Massif du Gran Sasso, la vallée du Gallero.
=540  \\$aCurrent Copyright Fee: GBP25.00$c0$5Uk
=546  \\$aPapers in French and Italian; abstracts in French, Italian, and English.
=650  \0$aGravettian culture$zItaly$zAbruzzo.
=650  \0$aPaleolithic period$zItaly$zAbruzzo.
=650  \0$aExcavations (Archaeology)$zItaly$zAbruzzo.
=650  \0$aSoils$zItaly$zAbruzzo$xAnalysis.
=650  \0$aStone implements$zItaly$zAbruzzo$xAnalysis.
=650  \0$aGravette points$zItaly$zAbruzzo$xAnalysis.
=650  \0$aHuman settlements$zItaly$zAbruzzo.
=650  \7$aExcavations (Archaeology)$2fast$0(OCoLC)fst00917564
=650  \7$aGravettian culture.$2fast$0(OCoLC)fst00946857
=650  \7$aHuman settlements.$2fast$0(OCoLC)fst00963433
=650  \7$aPaleolithic period.$2fast$0(OCoLC)fst01051501
=650  \7$aSoils$xAnalysis.$2fast$0(OCoLC)fst01124687
=650  \7$aStone implements$xAnalysis.$2fast$0(OCoLC)fst01133863
=651  \7$aItaly$zAbruzzo.$2fast$0(OCoLC)fst01204629
=700  1\$aOlive, Monique,$eeditor.
=830  \0$aCollection de l'École française de Rome ;$v526.
=852  41$aBritish Library$bDSC$j3310.417000
=852  41$aBritish Library$bHMNTS$jAc.5233.a.[....]
=852  41$aBritish Library$bHMNTS
=852  41$aBritish Library$bHMNTS$jAc.5233.a.[526]
=856  42$uhttp://www.liberdomus.it/liberdomus/nrdcc/abstracts/D0135054974.pdf
=ACF  \\$aPrevious Copyright Fee: GBP20.00$c0$e01-jan-2020$fGBP20.00$g0$hA$5Uk
=CAT  \\$a5181$b40$c20180424$lBLL01$h1456
=CAT  \\$a11029$b40$c20180425$lBLL01$h1434
=CAT  \\$aBATCH-CLA$b00$c20180705$lBLL01$h0109
=CAT  \\$aBATCH-CLA$b00$c20191219$lBLL01$h1805
=CAT  \\$aIPL-CLA$c20191231$lBLL01$h2045
=CAT  \\$aR2001-1524$c20200127$lBLL01$h2110
=CAT  \\$aBATCH-CLA$b00$c20200128$lBLL01$h0448
=CAT  \\$aBATCH-CLA$b00$c20201204$lBLL01$h1617
=CAT  \\$aIPL-CLA$c20201231$lBLL01$h2350
=CAT  \\$aBATCH-CLA$b00$c20221221$lBLL01$h1935
=CAT  \\$aIPL-CLA$c20221231$lBLL01$h2344
=CAT  \\$aW2308-1659$c20230923$lBLL01$h0956
=CAT  \\$aBATCH-CLA$b00$c20230924$lBLL01$h0647
=CFI  0\$aCurrent Copyright Fee: GBP25.00$c0$e01-jan-2023$fGBP25.00$g0$hA$5Uk
=FIN  \\$aY$d20180424
=FMT  \\$a  BK
=LAS  \\$aBATCH-CLA$b00$c20230924$lBLL01$h0647
=SID  \\$aZ39$bOCLC
=TCO  \\$aITA$bAIDRO / SIAE$c008

