=LDR  03271cam a2200829 a 4500
=001  016254340
=003  Uk
=005  20221231232002.0
=008  130107s2012\\\\it\a\\\\\b\\\i000\0\eng\d
=015  \\$aGBB314359$2bnb
=016  7\$a016254340$2Uk
=020  \\$a9789251073070 (pbk.)
=020  \\$a9251073074 (pbk.)
=035  \\$a(OCoLC)823516548
=040  \\$aNLGGC$beng$cNLGGC$dAGL$dOCLCO$dYDXCP$dUk
=042  \\$aukblsr
=070  0\$aHD6073.A29$bK63 2012
=082  04$a630.92$223
=100  1\$aKöhler-Rollefson, Ilse.
=245  10$aInvisible guardians :$bwomen manage livestock diversity /$c[author Ilse Köhler-Rollefson].
=246  30$aWomen manage livestock diversity
=260  \\$aRome :$bFood and Agriculture Organization of the United Nations,$c2012.
=300  \\$ax, 56 p. :$bill. ( some col.) ;$c26 cm.
=336  \\$atext$2rdacontent
=337  \\$aunmediated$2rdamedia
=338  \\$avolume$2rdacarrier
=490  0\$aFAO animal production and health paper,$x0254-6019 ;$v174
=504  \\$aIncludes bibliographical references (p. 49-56).
=530  \\$aAlso available on the Internet.
=540  \\$aCurrent Copyright Fee: GBP25.00$c0$5Uk
=650  \0$aWomen farmers.
=650  \0$aLivestock.
=650  \0$aAnimal owners.
=650  \0$aLivestock farms.
=710  2\$aFood and Agriculture Organization of the United Nations.
=852  41$aBritish Library$bSTI
=852  41$aBritish Library$bDSC$j3865.593800
=852  41$aBritish Library$bHMNTS
=852  11$aBritish Library$bSTI$k(B)$h630.72
=856  41$uhttp://www.fao.org/docrep/016/i3018e/i3018e00.pdf
=ACF  \\$aPrevious Copyright Fee: GBP12.30$c0$e01-jan-2014$fGBP12.30$g0$hA$5Uk
=ACF  \\$aPrevious Copyright Fee: GBP15.00$c0$e01-jan-2017$fGBP15.00$g0$hA$5Uk
=ACF  \\$aPrevious Copyright Fee: GBP20.00$c0$e01-jan-2020$fGBP20.00$g0$hA$5Uk
=CAT  \\$a11012$b40$c20130118$lBLL01$h1002
=CAT  \\$a11012$b40$c20130118$lBLL01$h1006
=CAT  \\$a10905$b40$c20130215$lBLL01$h0926
=CAT  \\$a7233$b40$c20130423$lBLL01$h1556
=CAT  \\$aBATCH-CLA$b00$c20130429$lBLL01$h0159
=CAT  \\$aBATCH-CLA$b00$c20130508$lBLL01$h0712
=CAT  \\$aBATCH-CLA$c20131220$lBLL01$h2120
=CAT  \\$aIPL-CLA$c20140101$lBLL01$h0207
=CAT  \\$aWR16_021$c20160708$lBLL01$h1805
=CAT  \\$aBATCH-CLA$b00$c20160709$lBLL01$h0107
=CAT  \\$aBATCH-CLA$b00$c20161222$lBLL01$h1836
=CAT  \\$aIPL-CLA$c20161231$lBLL01$h0008
=CAT  \\$aBATCH-CLA$b00$c20171222$lBLL01$h2213
=CAT  \\$aIPL-CLA$c20171231$lBLL01$h1817
=CAT  \\$aBATCH-CLA$b00$c20191219$lBLL01$h1759
=CAT  \\$aIPL-CLA$c20191231$lBLL01$h2033
=CAT  \\$aR2001-1524$c20200127$lBLL01$h2059
=CAT  \\$aBATCH-CLA$b00$c20200128$lBLL01$h0413
=CAT  \\$aBATCH-CLA$b00$c20201204$lBLL01$h1609
=CAT  \\$aIPL-CLA$c20201231$lBLL01$h2336
=CAT  \\$aBATCH-CLA$b00$c20221221$lBLL01$h1926
=CAT  \\$aIPL-CLA$c20221231$lBLL01$h2320
=CFI  0\$aCurrent Copyright Fee: GBP25.00$c0$e01-jan-2023$fGBP25.00$g0$hA$5Uk
=CFI  2\$aPrevious Copyright Fee: GBP22.50$c0$e01-jan-2021$fGBP22.50$g0$hA$5Uk
=FIN  \\$aY$d20130215
=FMT  \\$a  BK
=LAS  \\$aIPL-CLA$b00$c20221231$lBLL01$h2320
=SID  \\$aZ39$bOCLC
=TCO  \\$aITA$bAIDRO / SIAE$c008

