=LDR  04313cam a2200985 i 4500
=001  017877744
=003  Uk
=005  20230924064734.0
=008  160229s2015\\\\fr\a\\\\\b\\\\101\0\fre\d
=020  \\$a9782728311231$q(pbk.)
=020  \\$a2728311234$q(pbk.)
=035  \\$a(OCoLC)937369972$z(OCoLC)937390354$z(OCoLC)940503241
=040  \\$aAUXAM$beng$cAUXAM$dERASP$dOCLCQ$dNARDE$dC3L$dCGU$dOCLCF$dCHVBK$dUk$erda
=041  0\$afre$aita$alat
=042  \\$aukblsr
=043  \\$ae-it---
=050  \4$aAZ683$b.F765 2015
=082  14$a940
=245  00$aFrontières des savoirs en Italie à l'époque des premières universités (XIII-XVe siècle) /$cétudes réunies par Joël Chandelier et Aurélien Robert.
=264  \1$aRome :$bÉcole française de Rome,$c2015.
=300  \\$a568 pages :$billustrations (black and white) ;$c24 cm.
=336  \\$atext$btxt$2rdacontent
=337  \\$aunmediated$bn$2rdamedia
=338  \\$avolume$bnc$2rdacarrier
=490  1\$aCollection de l'École française de Rome,$x0223-5099 ;$v505
=500  \\$aPapers from four conferences held between 2008 and 2011.
=504  \\$aIncludes bibliographical references and index.
=540  \\$aCurrent Copyright Fee: GBP25.00$c0$5Uk
=546  \\$aContributions in French and Italian, with some Latin text.
=648  \7$a1268-1559$2fast
=650  \0$aLearning and scholarship$zItaly$xHistory$vCongresses.
=650  \0$aUniversities and colleges$zItaly$xHistory$vCongresses.
=650  \7$aIntellectual life.$2fast$0(OCoLC)fst00975769
=650  \7$aLearning and scholarship.$2fast$0(OCoLC)fst00994857
=650  \7$aUniversities and colleges.$2fast$0(OCoLC)fst01161597
=650  \7$aPhilosophie.$0(DE-588)4045791-6$2gnd
=650  \7$aMedizin.$0(DE-588)4038243-6$2gnd
=650  \7$aRecht.$0(DE-588)4048737-4$2gnd
=650  \7$aWissensvermittlung.$0(DE-588)4190121-6$2gnd
=650  \7$aUniversität.$0(DE-588)4061778-6$2gnd
=651  \0$aItaly$xIntellectual life$y1268-1559$vCongresses.
=651  \7$aItaly.$2fast$0(OCoLC)fst01204565
=651  \7$aItalien.$0(DE-588)4027833-5$2gnd
=655  \7$aHistory.$2fast$0(OCoLC)fst01411628
=700  1\$aChandelier, Joël,$eeditor,$econtributor.
=700  1\$aRobert, Aurélien,$eeditor.
=710  2\$aÉcole française de Rome,$epublisher.
=830  \0$aCollection de l'École française de Rome ;$v505.
=852  41$aBritish Library$bDSC$j3310.417000
=852  41$aBritish Library$bHMNTS$jAc.5233.a.[....]
=852  41$aBritish Library$bHMNTS
=852  41$aBritish Library$bHMNTS$jAc.5233.a.[505]
=856  42$uhttp://www.liberdomus.it/liberdomus/nrdcc/abstracts/D0135051926.pdf
=ACF  \\$aPrevious Copyright Fee: GBP12.30$c0$e01-jan-2014$fGBP12.30$g0$hA$5Uk
=ACF  \\$aPrevious Copyright Fee: GBP15.00$c0$e01-jan-2017$fGBP15.00$g0$hA$5Uk
=ACF  \\$aPrevious Copyright Fee: GBP20.00$c0$e01-jan-2020$fGBP20.00$g0$hA$5Uk
=CAT  \\$a8197$b40$c20160614$lBLL01$h1530
=CAT  \\$a8197$b40$c20160614$lBLL01$h1533
=CAT  \\$a9701$b40$c20160617$lBLL01$h1345
=CAT  \\$a9701$b40$c20160617$lBLL01$h1346
=CAT  \\$a9701$b40$c20160617$lBLL01$h1349
=CAT  \\$aBATCH-CLA$b00$c20160618$lBLL01$h0137
=CAT  \\$a6470$b40$c20160901$lBLL01$h1541
=CAT  \\$aBATCH-CLA$b00$c20160902$lBLL01$h0116
=CAT  \\$a6470$b40$c20160902$lBLL01$h1049
=CAT  \\$aBATCH-CLA$b00$c20160903$lBLL01$h0119
=CAT  \\$aBATCH-CLA$b00$c20161222$lBLL01$h1840
=CAT  \\$aIPL-CLA$c20161231$lBLL01$h0026
=CAT  \\$aBATCH-CLA$b00$c20171222$lBLL01$h2221
=CAT  \\$aIPL-CLA$c20171231$lBLL01$h1832
=CAT  \\$aBATCH-CLA$b00$c20191219$lBLL01$h1803
=CAT  \\$aIPL-CLA$c20191231$lBLL01$h2043
=CAT  \\$aR2001-1524$c20200127$lBLL01$h2107
=CAT  \\$aBATCH-CLA$b00$c20200128$lBLL01$h0448
=CAT  \\$aBATCH-CLA$b00$c20201204$lBLL01$h1615
=CAT  \\$aIPL-CLA$c20201231$lBLL01$h2347
=CAT  \\$aBATCH-CLA$b00$c20221221$lBLL01$h1933
=CAT  \\$aIPL-CLA$c20221231$lBLL01$h2338
=CAT  \\$aW2308-1659$c20230923$lBLL01$h1007
=CAT  \\$aBATCH-CLA$b00$c20230924$lBLL01$h0647
=CFI  0\$aCurrent Copyright Fee: GBP25.00$c0$e01-jan-2023$fGBP25.00$g0$hA$5Uk
=FIN  \\$aY$d20160617
=FMT  \\$a  BK
=LAS  \\$aBATCH-CLA$b00$c20230924$lBLL01$h0647
=SID  \\$aZ39$bOCLC

