=LDR  02720cam a22006857i 4500
=001  017877756
=003  Uk
=005  20230924064734.0
=008  160128s2015\\\\it\a\\\\\b\\\\001\0\fre\d
=020  \\$a9782728311170
=020  \\$a272831117X
=035  \\$a(OCoLC)937390968$z(OCoLC)940503334$z(OCoLC)946287719$z(OCoLC)946878975
=040  \\$aC3L$beng$cC3L$dERASP$dOHX$dAUXAM$dNARDE$dCGU$dOCLCQ$dUk$erda
=042  \\$aukblderived
=043  \\$ae-fr---$ae-it---
=050  \4$aNA1045$b.B373 2015
=072  \7$aNA$2lcco
=072  \7$aBX$2lcco
=082  14$a720$214
=100  1\$aBardati, Flaminia.
=245  10$aHommes du roi et princes de L'Église romaine :$bles cardinaux français et l'art italien, 1495-1560 /$cFlaminia Barbati.
=264  \1$aRoma :$bÉcole française de Rome,$c2015.
=300  \\$a447 pages :$billustrations ;$c28 cm.
=336  \\$atext$btxt$2rdacontent
=337  \\$aunmediated$bn$2rdamedia
=338  \\$avolume$bnc$2rdacarrier
=490  1\$aCollection de l'Ecole française de Rome ;$v506
=504  \\$aIncludes bibliographical references and index.
=540  \\$aCurrent Copyright Fee: GBP25.00$c0$5Uk
=650  \0$aArchitecture$zFrance$y16th century.
=650  \0$aCardinals$zFrance$xArt patronage.
=650  \0$aArt patronage$zFrance$y16th century.
=830  \0$aCollection de l'École française de Rome ;$v506.
=852  41$aBritish Library$bDSC$j3310.417000
=852  41$aBritish Library$bHMNTS$jAc.5233.a.[....]
=852  41$aBritish Library$bHMNTS
=852  41$aBritish Library$bHMNTS$jAc.5233.a.[506]
=856  42$uhttp://www.liberdomus.it/liberdomus/nrdcc/abstracts/D0135051925.pdf
=ACF  \\$aPrevious Copyright Fee: GBP20.00$c0$e01-jan-2020$fGBP20.00$g0$hA$5Uk
=CAT  \\$a8197$b40$c20160614$lBLL01$h1539
=CAT  \\$a8197$b40$c20160614$lBLL01$h1549
=CAT  \\$a8962$b40$c20160615$lBLL01$h0804
=CAT  \\$a9701$b40$c20160617$lBLL01$h1338
=CAT  \\$aBATCH-CLA$b00$c20180705$lBLL01$h0109
=CAT  \\$aBATCH-CLA$b00$c20191219$lBLL01$h1803
=CAT  \\$aIPL-CLA$c20191231$lBLL01$h2043
=CAT  \\$aR2001-1524$c20200127$lBLL01$h2107
=CAT  \\$aBATCH-CLA$b00$c20200128$lBLL01$h0448
=CAT  \\$aBATCH-CLA$b00$c20201204$lBLL01$h1615
=CAT  \\$aIPL-CLA$c20201231$lBLL01$h2347
=CAT  \\$aBATCH-CLA$b00$c20221221$lBLL01$h1933
=CAT  \\$aIPL-CLA$c20221231$lBLL01$h2338
=CAT  \\$aW2308-1659$c20230923$lBLL01$h1007
=CAT  \\$aBATCH-CLA$b00$c20230924$lBLL01$h0647
=CFI  0\$aCurrent Copyright Fee: GBP25.00$c0$e01-jan-2023$fGBP25.00$g0$hA$5Uk
=FIN  \\$aY$d20160614
=FMT  \\$a  BK
=LAS  \\$aBATCH-CLA$b00$c20230924$lBLL01$h0647
=SID  \\$aZ39$bOCLC
=TCO  \\$aITA$bAIDRO / SIAE$c008

