=LDR  05641cam a2201165 i 4500
=001  017945319
=003  Uk
=005  20230924064734.0
=008  140911s2014\\\\fr\a\\\\\b\\\|1|0\0|fre\d
=020  \\$a9782728310777 (École française de Rome : paperback)
=020  \\$a2728310777 (École française de Rome : paperback)
=020  \\$a9782859447861 (Publications de la Sorbonne : paperback)
=020  \\$a2859447865 (Publications de la Sorbonne : paperback)
=035  \\$a(OCoLC)908139534
=040  \\$aRPY$beng$cRPY$dOCLCO$dPAU$dOCLCO$dOCLCF$dOCLCO$dOCLCQ$dOCL$dUk$erda
=041  0\$afre$aeng$aita
=042  \\$aukblsr
=043  \\$ae------
=050  \4$aBR735$b.E45 2014
=082  14$a270
=111  2\$aÉtat et l'Église, l'État ou l'Église (Conference)$d(2011 :$cBourges, France)
=245  10$aÉglise et État, Église ou État? :$bles clercs et la genèse de l'État moderne : actes de la conférence organisée à Bourges en 2011 par SAS et l'universitè d'Orléans en l'honneur d'Hélène Millet /$csous la direction de Christine Barralis, Jean-Patrice Boudet, Fabrice Delivré et Jean-Philippe Genet.
=264  \1$aParis :$bPublications de la Sorbonne ;$aRoma :$bÉcole française de Rome,$c2014.
=300  \\$a496 pages :$billustrations (black and white) ;$c24 cm.
=336  \\$atext$btxt$2rdacontent
=337  \\$aunmediated$bn$2rdamedia
=338  \\$avolume$bnc$2rdacarrier
=490  1\$aCollection de l'École française de Rome,$x0223-5099 ;$v485/10
=490  1\$aHistoire ancienne et médiévale ;$v125/10
=490  1\$aLe Pouvoir symbolique en Occident (1300-1640) ;$vX
=500  \\$aPapers from a conference entitled "L'État et l'Église, l'État ou l'Église", held in Bourges in 2011.
=504  \\$aIncludes bibliographical references.
=540  \\$aCurrent Copyright Fee: GBP25.00$c0$5Uk
=546  \\$aContributions in French, English, Italian.
=591  \\$aPapers.
=610  20$aCatholic Church$xClergy$xPolitical activity$zEurope$xHistory$vCongresses.
=610  27$aCatholic Church$2fast$0(OCoLC)fst00531720
=648  \7$a600-1599$2fast
=650  \0$aReligion and politics$zEurope$xHistory$vCongresses.
=650  \0$aChurch and state$zEurope$xHistory$vCongresses.
=650  \7$aChurch and state.$2fast$0(OCoLC)fst00860509
=650  \7$aClergy$xPolitical activity.$2fast$0(OCoLC)fst00864066
=650  \7$aReligion and politics.$2fast$0(OCoLC)fst01093842
=651  \0$aEurope$xChurch history$y600-1500$vCongresses.
=651  \0$aEurope$xChurch history$y16th century$vCongresses.
=651  \7$aEurope.$2fast$0(OCoLC)fst01245064
=655  \7$aChurch history.$2fast$0(OCoLC)fst01411629
=655  \7$aConference papers and proceedings.$2fast$0(OCoLC)fst01423772
=655  \7$aHistory.$2fast$0(OCoLC)fst01411628
=700  1\$aMillet, Hélène,$ehonouree.
=700  1\$aBarralis, Christine,$d1973-$eeditor,$econtributor.
=700  1\$aBoudet, Jean-Patrice,$eeditor,$econtributor.
=700  1\$aDelivré, Fabrice,$eeditor.
=700  1\$aGenêt, Jean-Philippe,$eeditor.
=710  2\$aSigns and States (Research program),$eorganizer.
=710  2\$aUniversité d'Orléans,$eorganizer.
=710  2\$aÉcole française de Rome,$epublisher.
=830  \0$aPublications de la Sorbonne.$pHistoire ancienne et médiévale ;$v125/10.
=830  \0$aCollection de l'École française de Rome ;$v485/10.
=830  \0$aPouvoir symbolique en Occident (1300-1640) ;$v10.
=852  41$aBritish Library$bDSC$j3310.417000
=852  41$aBritish Library$bHMNTS$jAc.5233.a.[....]
=852  41$aBritish Library$bHMNTS
=852  41$aBritish Library$bHMNTS$jAc.5233.a.[485/10]
=856  42$uhttp://www.liberdomus.it/liberdomus/nrdcc/abstracts/D0135049162.pdf
=945  \\$aCollection- Ecole francaise de Rome ; 485 part 10 2014
=ACF  \\$aPrevious Copyright Fee: GBP12.30$c0$e01-jan-2014$fGBP12.30$g0$hA$5Uk
=ACF  \\$aPrevious Copyright Fee: GBP20.00$c0$e01-jan-2020$fGBP20.00$g0$hA$5Uk
=CAT  \\$a5181$b40$c20160727$lBLL01$h1349
=CAT  \\$a9701$b40$c20160729$lBLL01$h0848
=CAT  \\$aBATCH-CLA$b00$c20160730$lBLL01$h0109
=CAT  \\$a11250$b40$c20160804$lBLL01$h1119
=CAT  \\$aBATCH-CLA$b00$c20160805$lBLL01$h0112
=CAT  \\$a6470$b40$c20160921$lBLL01$h1256
=CAT  \\$aBATCH-CLA$b00$c20160922$lBLL01$h0114
=CAT  \\$aBATCH-UPD$b00$c20160924$lBLL01$h1730
=CAT  \\$aBATCH-CLA$b00$c20160925$lBLL01$h0115
=CAT  \\$aBATCH-CLA$b00$c20161222$lBLL01$h1840
=CAT  \\$aIPL-CLA$c20161231$lBLL01$h0026
=CAT  \\$aBATCH-CLA$b00$c20171222$lBLL01$h2221
=CAT  \\$aIPL-CLA$c20171231$lBLL01$h1832
=CAT  \\$aBATCH-UPD$b00$c20180517$lBLL01$h2033
=CAT  \\$aBATCH-UPD$b00$c20190208$lBLL01$h2137
=CAT  \\$aBATCH-CLA$b00$c20190209$lBLL01$h0107
=CAT  \\$aBATCH-CLA$b00$c20191219$lBLL01$h1804
=CAT  \\$aIPL-CLA$c20191231$lBLL01$h2043
=CAT  \\$aR2001-1524$c20200127$lBLL01$h2107
=CAT  \\$aBATCH-CLA$b00$c20200128$lBLL01$h0448
=CAT  \\$aBATCH-CLA$b00$c20201204$lBLL01$h1615
=CAT  \\$aIPL-CLA$c20201231$lBLL01$h2347
=CAT  \\$aBATCH-CLA$b00$c20221221$lBLL01$h1933
=CAT  \\$aIPL-CLA$c20221231$lBLL01$h2338
=CAT  \\$aW2308-1659$c20230923$lBLL01$h1008
=CAT  \\$aBATCH-CLA$b00$c20230924$lBLL01$h0647
=CFI  0\$aCurrent Copyright Fee: GBP25.00$c0$e01-jan-2023$fGBP25.00$g0$hA$5Uk
=CNF  \\$ales clercs et la genèse de l'État moderne (Conference)$d(2011 :$cBourges, France)
=FIN  \\$aY$d20160729
=FMT  \\$a  BK
=LAS  \\$aBATCH-CLA$b00$c20230924$lBLL01$h0647
=SID  \\$aZ39$bOCLC

