=LDR  03614cam a2200817 i 4500
=001  018284061
=003  Uk
=005  20230924064736.0
=008  160726s2016\\\\it\\\\\\\b\\\|0|1\0bfre\d
=020  \\$a9782728312368 (paperback)
=020  \\$a2728312362
=035  \\$a(OCoLC)957218776$z(OCoLC)966363134
=040  \\$aC3L$beng$cC3L$dNARDE$dAUXAM$dOCLCQ$dERASP$dOHX$dCGU$dGZM$dCHVBK$dOCLCF$dOCLCO$dIPS$dUk$erda
=042  \\$aukblsr
=043  \\$ae-it---
=050  \4$aPQ4734.V6$bZ769 2016
=082  14$a850$214
=100  1\$aMusitelli, Pierre,$d1981-$eauthor.
=245  13$aLe flambeau et les ombres :$bAlessandro Verri, des Lumières à la Restauration (1741-1816) /$cPierre Musitelli.
=264  \1$a[Rome] :$bÉcole française de Rome,$c2016.
=300  \\$ax, 394 pages ;$c24 cm.
=336  \\$atext$2rdacontent
=337  \\$aunmediated$2rdamedia
=338  \\$avolume$2rdacarrier
=490  1\$aCollection de l'École française de Rome,$x0223-5099 ;$v512
=500  \\$aRevision of the author's thesis (doctoral)--Université de Paris VIII, 2010, which was presented under the title: Alessandro Verri (1741-1816) : entre raison et sensibilité, une écriture en clair-obscur.
=504  \\$aIncludes bibliographical references (pages 357-380) and index.
=540  \\$aCurrent Copyright Fee: GBP25.00$c0$5Uk
=600  10$aVerri, Alessandro,$d1741-1816.
=600  17$aVerri, Alessandro,$d1741-1816$2fast$0(OCoLC)fst00115531
=600  17$aVerri, Alessandro,$d1741-1816.
=650  \0$aItalian literature$xHistory and criticism.
=650  \7$aItalian literature.$2fast$0(OCoLC)fst00980660
=655  \7$aCriticism, interpretation, etc.$2fast$0(OCoLC)fst01411635
=710  2\$aÉcole française de Rome,$epublisher.
=830  \0$aCollection de l'École française de Rome,$x0223-5099 ;$v512.
=852  41$aBritish Library$bDSC$j3310.417000
=852  41$aBritish Library$bHMNTS$jAc.5233.a.[....]
=852  41$aBritish Library$bHMNTS
=852  41$aBritish Library$bHMNTS$jAc.5233.a.[512]
=856  42$uhttp://www.liberdomus.it/liberdomus/nrdcc/abstracts/D0135053279.pdf
=ACF  \\$aPrevious Copyright Fee: GBP15.00$c0$e01-jan-2017$fGBP15.00$g0$hA$5Uk
=ACF  \\$aPrevious Copyright Fee: GBP20.00$c0$e01-jan-2020$fGBP20.00$g0$hA$5Uk
=CAT  \\$a8411$b40$c20170404$lBLL01$h1104
=CAT  \\$a8411$b40$c20170404$lBLL01$h1106
=CAT  \\$a8411$b40$c20170404$lBLL01$h1107
=CAT  \\$a8411$b40$c20170404$lBLL01$h1108
=CAT  \\$a8411$b40$c20170404$lBLL01$h1109
=CAT  \\$a8411$b40$c20170404$lBLL01$h1110
=CAT  \\$a8411$b40$c20170404$lBLL01$h1112
=CAT  \\$a8411$b40$c20170404$lBLL01$h1116
=CAT  \\$a11250$b40$c20170412$lBLL01$h0906
=CAT  \\$a11250$b40$c20170412$lBLL01$h0927
=CAT  \\$aBATCH-CLA$b00$c20170413$lBLL01$h0107
=CAT  \\$aBATCH-CLA$b00$c20171222$lBLL01$h2221
=CAT  \\$aIPL-CLA$c20171231$lBLL01$h1834
=CAT  \\$aBATCH-CLA$b00$c20191219$lBLL01$h1804
=CAT  \\$aIPL-CLA$c20191231$lBLL01$h2044
=CAT  \\$aR2001-1524$c20200127$lBLL01$h2108
=CAT  \\$aBATCH-CLA$b00$c20200128$lBLL01$h0448
=CAT  \\$aBATCH-CLA$b00$c20201204$lBLL01$h1616
=CAT  \\$aIPL-CLA$c20201231$lBLL01$h2349
=CAT  \\$aBATCH-CLA$b00$c20221221$lBLL01$h1934
=CAT  \\$aIPL-CLA$c20221231$lBLL01$h2341
=CAT  \\$aW2308-1659$c20230923$lBLL01$h1014
=CAT  \\$aBATCH-CLA$b00$c20230924$lBLL01$h0647
=CFI  0\$aCurrent Copyright Fee: GBP25.00$c0$e01-jan-2023$fGBP25.00$g0$hA$5Uk
=FIN  \\$aY$d20170404
=FMT  \\$a  BK
=LAS  \\$aBATCH-CLA$b00$c20230924$lBLL01$h0647
=SID  \\$aZ39$bOCLC

