=LDR  03029cam a22007217i 4500
=001  018355042
=003  Uk
=005  20230924064736.0
=008  170407s2016\\\\it\ab\\\\b\\\\001\0\fre\d
=020  \\$a9782728312443$qpaperback
=020  \\$a2728312443$qpaperback
=035  \\$a(OCoLC)982011413$z(OCoLC)983212913$z(OCoLC)983777535$z(OCoLC)984703863
=040  \\$aAUXAM$beng$cAUXAM$dOHX$dNARDE$dC3L$dCGU$dUk$erda
=041  0\$afre$aita$bfre$bita
=042  \\$aukblderived
=050  \4$aNB1910$b.F357 2016
=072  \7$aNB$2lcco
=082  04$a730$223
=245  00$aFaire parler et faire taire les statues :$bde l'invention de l'écriture à l'usage de l'explosif /$cétudes réunies par Caroline Michel d'Annoville et Yann Rivière.
=264  \1$aRome :$bÉcole française de Rome,$c2016.
=300  \\$a515 pages :$billustrations (some color), maps ;$c24 cm.
=336  \\$atext$btxt$2rdacontent
=337  \\$aunmediated$bn$2rdamedia
=338  \\$avolume$bnc$2rdacarrier
=490  1\$aCollection de l'École française de Rome,$x0223-5099 ;$v520
=504  \\$aIncludes bibliographical references and index.
=540  \\$aCurrent Copyright Fee: GBP25.00$c0$5Uk
=546  \\$aContributions and summaries in French and Italian.
=650  \0$aSculpture$xReligious aspects.
=650  \0$aStatues$xReligious aspects.
=700  1\$aAnnoville, C. d'$q(Caroline).
=700  1\$aRivière, Yann.
=830  \0$aCollection de l'École française de Rome ;$v520.
=852  41$aBritish Library$bDSC$j3310.417000
=852  41$aBritish Library$bHMNTS$jAc.5233.a.[....]
=852  41$aBritish Library$bHMNTS
=852  41$aBritish Library$bHMNTS$jAc.5233.a.[520]
=856  42$uhttp://www.liberdomus.it/liberdomus/nrdcc/abstracts/D0135054654.pdf
=ACF  \\$aPrevious Copyright Fee: GBP15.00$c0$e01-jan-2017$fGBP15.00$g0$hA$5Uk
=ACF  \\$aPrevious Copyright Fee: GBP20.00$c0$e01-jan-2020$fGBP20.00$g0$hA$5Uk
=CAT  \\$a8197$b40$c20170530$lBLL01$h1344
=CAT  \\$a8197$b40$c20170530$lBLL01$h1345
=CAT  \\$a8197$b40$c20170530$lBLL01$h1346
=CAT  \\$a8197$b40$c20170530$lBLL01$h1347
=CAT  \\$a8411$b40$c20170601$lBLL01$h1040
=CAT  \\$aBATCH-CLA$b00$c20170602$lBLL01$h0116
=CAT  \\$aBATCH-CLA$b00$c20171222$lBLL01$h2221
=CAT  \\$aIPL-CLA$c20171231$lBLL01$h1834
=CAT  \\$aBATCH-CLA$b00$c20191219$lBLL01$h1804
=CAT  \\$aIPL-CLA$c20191231$lBLL01$h2044
=CAT  \\$aR2001-1524$c20200127$lBLL01$h2108
=CAT  \\$aBATCH-CLA$b00$c20200128$lBLL01$h0448
=CAT  \\$aBATCH-CLA$b00$c20201204$lBLL01$h1616
=CAT  \\$aIPL-CLA$c20201231$lBLL01$h2349
=CAT  \\$aBATCH-CLA$b00$c20221221$lBLL01$h1934
=CAT  \\$aIPL-CLA$c20221231$lBLL01$h2341
=CAT  \\$aW2308-1659$c20230923$lBLL01$h1016
=CAT  \\$aBATCH-CLA$b00$c20230924$lBLL01$h0647
=CFI  0\$aCurrent Copyright Fee: GBP25.00$c0$e01-jan-2023$fGBP25.00$g0$hA$5Uk
=FIN  \\$aY$d20170530
=FMT  \\$a  BK
=LAS  \\$aBATCH-CLA$b00$c20230924$lBLL01$h0647
=SID  \\$aZ39$bOCLC

