=LDR  03870cam a2200829 i 4500
=001  018378492
=003  Uk
=005  20230924064736.0
=008  170324s2016\\\\it\ab\\\\b\\\|001\0|fre\d
=020  \\$a9782869582842$q(École française d'Athènes ;$qpaperback)
=020  \\$a2869582846$q(École française d'Athènes ;$qpaperback)
=020  \\$a9782728312108$q(École française de Rome ;$qpaperback)
=020  \\$a2728312109$q(École française de Rome ;$qpaperback)
=035  \\$a(OCoLC)979372371$z(OCoLC)971546004$z(OCoLC)972076103$z(OCoLC)974684940$z(OCoLC)978897365$z(OCoLC)979153365$z(OCoLC)979407155
=040  \\$aOHX$beng$cOHX$dOCLCO$dC3L$dOCLCQ$dAUXAM$dNARDE$dERASP$dCGU$dIPS$dOCLCF$dUk$erda
=042  \\$aukblsr
=043  \\$ae-it---
=050  \4$aDG457.G7$bG745 2016
=072  \7$aHT$2lcco
=082  14$a940$214
=100  1\$aGrenet, Mathieu,$eauthor.
=245  13$aLa fabrique communautaire :$bles Grecs à Venise, Livourne et Marseille 1770-1840 /$cMathieu Grenet.
=264  \1$aRome :$bÉcole de française de Rome ;$aAthènes :$bÉcole de française d'Athènes,$c2016.
=300  \\$ax, 456 pages :$billustrations (black and white), maps (black and white) ;$c24 cm.
=336  \\$atext$btxt$2rdacontent
=337  \\$aunmediated$bn$2rdamedia
=338  \\$avolume$bnc$2rdacarrier
=490  1\$aCollection de l'École française de Rome,$x0223-5099 ;$v521
=490  1\$aMondes méditerranéens et balkaniques,$x1792-0752 ;$v9
=500  \\$aRevised thesis (doctoral)--Université de Lyon II, 2010.
=504  \\$aIncludes bibliographical references (pages 413-436) and indexes.
=540  \\$aCurrent Copyright Fee: GBP25.00$c0$5Uk
=650  \0$aGreeks$zItaly$zVenice$xHistory$y18th century.
=650  \0$aGreeks$zItaly$zVenice$xHistory$y19th century.
=650  \0$aGreeks$zItaly$zLivorno$xHistory$y18th century.
=650  \0$aGreeks$zItaly$zLivorno$xHistory$y19th century.
=650  \0$aGreeks$zFrance$zMarseille$xHistory$y18th century.
=650  \0$aGreeks$zFrance$zMarseille$xHistory$y19th century.
=650  \7$aGreeks.$2fast$0(OCoLC)fst00947546
=651  \7$aFrance$zMarseille.$2fast$0(OCoLC)fst01206417
=651  \7$aItaly$zLivorno.$2fast$0(OCoLC)fst01206206
=651  \7$aItaly$zVenice.$2fast$0(OCoLC)fst01204473
=710  2\$aÉcole française de Rome,$epublisher.
=710  2\$aÉcole française d'Athènes,$epublisher.
=830  \0$aCollection de l'École française de Rome,$x0223-5099 ;$v521.
=830  \0$aMondes méditerranéens et balkaniques$x1792-0752 ;$v9.
=852  41$aBritish Library$bDSC$j3310.417000
=852  41$aBritish Library$bHMNTS$jAc.5233.a.[....]
=852  41$aBritish Library$bHMNTS
=852  41$aBritish Library$bHMNTS$jAc.5233.a.[521]
=856  42$uhttp://www.liberdomus.it/liberdomus/nrdcc/abstracts/D0135054176.pdf
=ACF  \\$aPrevious Copyright Fee: GBP20.00$c0$e01-jan-2020$fGBP20.00$g0$hA$5Uk
=CAT  \\$a5181$b40$c20170614$lBLL01$h1613
=CAT  \\$a8411$b40$c20170615$lBLL01$h0854
=CAT  \\$a11312$b40$c20170629$lBLL01$h1357
=CAT  \\$aBATCH-CLA$b00$c20180705$lBLL01$h0109
=CAT  \\$aBATCH-CLA$b00$c20191219$lBLL01$h1804
=CAT  \\$aIPL-CLA$c20191231$lBLL01$h2044
=CAT  \\$aR2001-1524$c20200127$lBLL01$h2108
=CAT  \\$aBATCH-CLA$b00$c20200128$lBLL01$h0448
=CAT  \\$aBATCH-CLA$b00$c20201204$lBLL01$h1616
=CAT  \\$aIPL-CLA$c20201231$lBLL01$h2349
=CAT  \\$aBATCH-CLA$b00$c20221221$lBLL01$h1934
=CAT  \\$aIPL-CLA$c20221231$lBLL01$h2341
=CAT  \\$aW2308-1659$c20230923$lBLL01$h1016
=CAT  \\$aBATCH-CLA$b00$c20230924$lBLL01$h0647
=CFI  0\$aCurrent Copyright Fee: GBP25.00$c0$e01-jan-2023$fGBP25.00$g0$hA$5Uk
=FIN  \\$aY$d20170629
=FMT  \\$a  BK
=LAS  \\$aBATCH-CLA$b00$c20230924$lBLL01$h0647
=SID  \\$aZ39$bOCLC
=TCO  \\$aITA$bAIDRO / SIAE$c008

