=LDR  03553cam a22009137i 4500
=001  016551705
=003  Uk
=005  20230924061402.0
=008  121107s2011\\\\sz\\\\\\\b\\\i000\0\eng\\
=010  \\$a  2012449379
=020  \\$a9789241572415
=020  \\$a9241572418
=035  \\$a(OCoLC)ocn768168622
=035  \\$a(OCoLC)768168622
=040  \\$aNLM$beng$cNLM$dBTCTA$dCUX$dTPH$dAGL$dIXA$dYDXCP$dDLC$dUk$erda
=042  \\$aukblcatcopy
=050  00$aRA1242.D35$bD28 2011
=060  00$aW1$bEN983 no.241 2011
=060  10$aWA 240
=070  0\$aRA1242.D35$bD34 2011
=245  00$aDDT in indoor residual spraying :$bhuman health aspects.
=264  \1$aGeneva :$bWorld Health Organization,$c[2011]
=300  \\$ax, 295 pages ;$c21 cm.
=336  \\$atext$2rdacontent
=337  \\$aunmediated$2rdamedia
=338  \\$avolume$2rdacarrier
=490  1\$aEnvironmental health criteria,$x0250-863X ;$v241
=500  \\$aIPCS and IOMC on cover.
=504  \\$aIncludes bibliographical references (pages 232-270).
=530  \\$aAlso available on the Internet.
=540  \\$aCurrent Copyright Fee: GBP25.00$c0$5Uk
=650  \0$aDDT (Insecticide)$xHealth aspects.
=650  \0$aDDT (Insecticide)
=650  \0$aDDT (Insecticide)$xToxicology.
=650  \0$aDDT (Insecticide)$xCarcinogenicity.
=650  \0$aDDT (Insecticide)$xPhysiological effect.
=650  12$aDDT$xadverse effects.
=650  22$aAir Pollution, Indoor.
=650  22$aPesticide Residues$xtoxicity.
=650  22$aRisk Assessment.
=650  13$aDDT (pesticide)
=710  2\$aWorld Health Organization.
=710  2\$aInternational Program on Chemical Safety.
=710  2\$aInter-Organization Programme for the Sound Management of Chemicals.
=830  \0$aEnvironmental health criteria ;$v241.$x0250-863X.
=852  11$aBritish Library$bSTI$k(P)$h363.17$m-E(1)
=852  41$aBritish Library$bHMNTS$jUN:O.142/13
=852  41$aBritish Library$bHMNTS
=852  41$aBritish Library$bDSC$j3791.491000
=856  41$uhttp://www.who.int/ipcs/publications/ehc/ehc241.pdf
=ACF  \\$aPrevious Copyright Fee: GBP12.30$c0$e01-jan-2014$fGBP12.30$g0$hA$5Uk
=ACF  \\$aPrevious Copyright Fee: GBP15.00$c0$e01-jan-2017$fGBP15.00$g0$hA$5Uk
=ACF  \\$aPrevious Copyright Fee: GBP20.00$c0$e01-jan-2020$fGBP20.00$g0$hA$5Uk
=CAT  \\$a7233$b40$c20131126$lBLL01$h1328
=CAT  \\$aBATCH-CLA$b00$c20131127$lBLL01$h0036
=CAT  \\$aBATCH-CLA$c20131220$lBLL01$h2123
=CAT  \\$aIPL-CLA$c20140101$lBLL01$h0217
=CAT  \\$aBATCH-CLA$b00$c20140102$lBLL01$h0325
=CAT  \\$aBATCH-UPD$b00$c20151001$lBLL01$h2208
=CAT  \\$aBATCH-CLA$b00$c20161222$lBLL01$h1837
=CAT  \\$aIPL-CLA$c20161231$lBLL01$h0014
=CAT  \\$aBATCH-CLA$b00$c20171222$lBLL01$h2215
=CAT  \\$aIPL-CLA$c20171231$lBLL01$h1821
=CAT  \\$aBATCH-CLA$b00$c20191219$lBLL01$h1800
=CAT  \\$aIPL-CLA$c20191231$lBLL01$h2036
=CAT  \\$aR2001-1524$c20200127$lBLL01$h2101
=CAT  \\$aBATCH-CLA$b00$c20200128$lBLL01$h0407
=CAT  \\$aBATCH-CLA$b00$c20201204$lBLL01$h1611
=CAT  \\$aIPL-CLA$c20201231$lBLL01$h2339
=CAT  \\$aBATCH-CLA$b00$c20221221$lBLL01$h1928
=CAT  \\$aIPL-CLA$c20221231$lBLL01$h2325
=CAT  \\$aW2308-1659$c20230923$lBLL01$h1023
=CAT  \\$aBATCH-CLA$b00$c20230924$lBLL01$h0614
=CFI  0\$aCurrent Copyright Fee: GBP25.00$c0$e01-jan-2023$fGBP25.00$g0$hA$5Uk
=FIN  \\$aY$d20131126
=FMT  \\$a  BK
=LAS  \\$aBATCH-CLA$b00$c20230924$lBLL01$h0614
=SRC  \\$aBLL02
=TCO  \\$aCHE$bPRO LITTERIS$c008

