=LDR  02243cam a22005657i 4500
=001  016604652
=003  Uk
=005  20230924063530.0
=008  131222s2013\\\\au\a\\\\\b\\\\000\0\eng\d
=020  \\$a9789201426109 (pbk.)
=020  \\$a9201426100
=035  \\$a(OCoLC)866621132
=040  \\$aBTCTA$beng$cBTCTA$dAZS$dUk$erda
=042  \\$aukblderived
=082  04$a621.482$223$qUK-WkNB
=245  00$aMeasurement and calculation of radon releases from NORM residues.
=264  \1$aVienna :$bInternational Atomic Energy Agency,$c2013.
=300  \\$a85 pages :$billustrations ;$c24 cm.
=336  \\$atext$btxt$2rdacontent
=337  \\$aunmediated$bn$2rdamedia
=338  \\$avolume$bnc$2rdacarrier
=490  1\$aTechnical reports series,$x0074-1914 ;$vno. 474
=500  \\$a"STI/DOC/010/474"--Title page verso.
=504  \\$aIncludes bibliographical references (pages 75-82).
=530  \\$aAlso issued online.
=540  \\$aBritish Library not licensed to copy$c0$5Uk
=650  \0$aRadon$xMeasurement.
=650  \0$aRadioactive substances$xSafety measures.
=650  \0$aRadioactive wastes$xManagement.
=710  2\$aInternational Atomic Energy Agency,$eissuing body.
=830  \0$aTechnical reports series (International Atomic Energy Agency) ;$vno. 474.
=852  41$aBritish Library$bHMNTS
=852  41$aBritish Library$bDSC$j8724.800000
=856  41$uhttp://www-pub.iaea.org/books/IAEABooks/10369/Measurement-and-Calculation-of-Radon-Releases-from-NORM-Residues
=985  \\$aCorrected by MS generated file for WR# 14.056
=CAT  \\$a7233$b40$c20140115$lBLL01$h0943
=CAT  \\$aBATCH-CLA$b00$c20140116$lBLL01$h0040
=CAT  \\$aBLSS-CORR$b00$c20140519$lBLL01$h1857
=CAT  \\$aBATCH-CLA$b00$c20140520$lBLL01$h0043
=CAT  \\$aBATCH-CLA$b00$c20150709$lBLL01$h0113
=CAT  \\$aBATCH-UPD$b00$c20151018$lBLL01$h0226
=CAT  \\$aBATCH-CLA$b00$c20151019$lBLL01$h0154
=CAT  \\$aW2308-1659$c20230923$lBLL01$h1023
=CAT  \\$aBATCH-CLA$b00$c20230924$lBLL01$h0635
=CFI  0\$aBritish Library not licensed to copy$c0$e01-oct-2012$hC$iCFP Excluded$5Uk
=FIN  \\$aY$d20140115
=FMT  \\$a  BK
=LAS  \\$aBATCH-CLA$b00$c20230924$lBLL01$h0635
=SID  \\$aZ39$bOCLC
=TCO  \\$aXXX$c008

