=LDR  03205cam a22007337i 4500
=001  016691355
=003  Uk
=005  20230924061746.0
=008  140129s2013\\\\it\a\\\\\\\\\\000\0\eng\d
=020  \\$a9789251079409
=020  \\$a9251079404
=020  \\$z9789251079416 (PDF)
=035  \\$a(OCoLC)869769881$z(OCoLC)869438436
=040  \\$aBTCTA$beng$cBTCTA$dYDXCP$dSFB$dAZS$dUk$erda
=042  \\$aukblderived
=043  \\$afb-----
=245  00$aCassava farmer field schools :$bresource material for facilitators in Sub-Saharan Africa /$cprepared by Martin Ameu, FAO consultant, Uganda [and 6 others] ; coordinated by Marjon Fredrix and NeBambi Lutaladio, FAO, Plant Production and Protecrion Division, Rome, Italy.
=264  \1$aRome :$bFood and Agriculture Organization,$c2013.
=300  \\$axiii, 192 pages :$billustrations (some color) ;$c25 cm.
=336  \\$atext$btxt$2rdacontent
=337  \\$aunmediated$bn$2rdamedia
=338  \\$avolume$bnc$2rdacarrier
=490  1\$aFao Plant Production and Protection Paper ;$vNo. 218.
=530  \\$aAlso available online.
=540  \\$aCurrent Copyright Fee: GBP25.00$c0$5Uk
=650  \0$aAgriculture$xStudy and teaching$zAfrica, Sub-Saharan.
=650  \0$aCassava$zAfrica, Sub-Saharan.
=700  1\$aAmeu, Martin,$eauthor.
=700  1\$aFredrix, Marjon,$ecoordinator.
=700  1\$aLutaladio, NeBambi,$ecoordinator.
=710  2\$aFood and Agriculture Organization of the United Nations,$eissuing body.
=830  \0$aFAO plant production and protection papers ;$v218.
=852  71$aBritish Library$bSTI$k(P)$hDT 00$m-E(27)$2blsrissc
=852  41$aBritish Library$bDSC$j3865.719000
=852  41$aBritish Library$bHMNTS
=856  41$uhttp://www.fao.org/docrep/018/i3447e/i3447e.pdf
=ACF  \\$aPrevious Copyright Fee: GBP12.30$c0$e01-jan-2014$fGBP12.30$g0$hA$5Uk
=ACF  \\$aPrevious Copyright Fee: GBP15.00$c0$e01-jan-2017$fGBP15.00$g0$hA$5Uk
=ACF  \\$aPrevious Copyright Fee: GBP20.00$c0$e01-jan-2020$fGBP20.00$g0$hA$5Uk
=CAT  \\$a7233$b40$c20140417$lBLL01$h1418
=CAT  \\$aBATCH-CLA$b00$c20140418$lBLL01$h0040
=CAT  \\$aBATCH-CLA$b00$c20150314$lBLL01$h0051
=CAT  \\$aBATCH-UPD$b00$c20151017$lBLL01$h2107
=CAT  \\$aBATCH-CLA$b00$c20151018$lBLL01$h0129
=CAT  \\$aBATCH-CLA$b00$c20161222$lBLL01$h1838
=CAT  \\$aIPL-CLA$c20161231$lBLL01$h0017
=CAT  \\$aBATCH-CLA$b00$c20171222$lBLL01$h2216
=CAT  \\$aIPL-CLA$c20171231$lBLL01$h1824
=CAT  \\$aBATCH-CLA$b00$c20191219$lBLL01$h1801
=CAT  \\$aIPL-CLA$c20191231$lBLL01$h2038
=CAT  \\$aR2001-1524$c20200127$lBLL01$h2102
=CAT  \\$aBATCH-CLA$b00$c20200128$lBLL01$h0413
=CAT  \\$aBATCH-CLA$b00$c20201204$lBLL01$h1612
=CAT  \\$aIPL-CLA$c20201231$lBLL01$h2340
=CAT  \\$aBATCH-CLA$b00$c20221221$lBLL01$h1929
=CAT  \\$aIPL-CLA$c20221231$lBLL01$h2327
=CAT  \\$aW2308-1659$c20230923$lBLL01$h1024
=CAT  \\$aBATCH-CLA$b00$c20230924$lBLL01$h0617
=CFI  0\$aCurrent Copyright Fee: GBP25.00$c0$e01-jan-2023$fGBP25.00$g0$hA$5Uk
=FIN  \\$aY$d20140417
=FMT  \\$a  BK
=LAS  \\$aBATCH-CLA$b00$c20230924$lBLL01$h0617
=SID  \\$aZ39$bOCLC
=TCO  \\$aITA$bAIDRO / SIAE$c008

