=LDR  03331 am a22005657a 4500
=001  016859533
=003  Uk
=005  20140911114245.0
=008  140820s2014\\\\oruab\\\\b\\\f000\0|eng\d
=035  \\$a(OCoLC)888067856
=040  \\$aVXG$cVXG$dLHL$dOWS$dUk
=042  \\$aukblderived
=043  \\$an-us-or
=086  0\$aA 13.88:PNW-GTR-894
=245  00$aNorth Fork Silver Creek Research Natural Area /$cReid Schuller ... [et al.].
=260  \\$aPortland, OR :$bU.S. Dept. of Agriculture, Forest Service, Pacific Northwest Research Station,$c[2014]
=300  \\$a25 p. :$bcol. ill., col. maps ;$c28 cm.
=336  \\$atext$2rdacontent
=337  \\$aunmediated$2rdamedia
=338  \\$avolume$2rdacarrier
=490  1\$aGeneral technical report ;$vPNW-GTR-894$aGuidebook supplement ;$v47
=500  \\$aCover title.
=500  \\$a"June 2014."
=500  \\$aSupplements: Federal research natural areas in Oregon and Washington : a guidebook for scientists and educators / by Jerry F. Franklin ... [et al.]. 1972.
=504  \\$aIncludes bibliographical references (p. 15-17).
=520  3\$aThis guidebook describes major biological and physical attributes of the 243-ha (600-ac) North Fork Silver Creek Research Natural Area (RNA), Josephine County, Oregon. Chosen to represent the diversity of shrub species that occur in the western Siskiyou Mountains on non-serpentine metamorphic bedrock, the RNA supports manzanita (Arctostaphylos spp.), giant chinquapin (Chrysolepis chrysophylla), deer oak (Quercus sadleriana), Sierra laurel (Leucothoe davisiae), Pacific rhododendron (Rhododendron macrophyllum), and salal (Gaultheria shallon). The site was also designated to represent examples of two forest types present on non-serpentine soils in southwestern Oregon: (1) Port Orford cedar-western hemlock (Chamaecyparis lawsoniana-Tsuga heterophylla) with Sierra laurel and western swordfern (Polystichum munitum); and (2) white fir/Cascade barberry (Abies concolor/Berberis nervosa) forest with longtube twinflower (Linnaea borealis) and sweet after death (Achlys triphylla).
=530  \\$aAlso available on the Internet.
=540  \\$aCurrent copyright fee: zero$c0$5Uk
=650  \0$aResearch natural areas$zOregon$zJosephine County.
=650  \0$aShrubs$zOregon$zJosephine County.
=650  \0$aPlant communities$zOregon$zJosephine County.
=650  \0$aEcological surveys$zOregon$zJosephine County.
=651  \0$aNorth Fork Silver Creek Research Natural Area (Or.)
=700  1\$aSchuller, Reid.
=710  2\$aPacific Northwest Research Station (Portland, Or.)
=830  \0$aGeneral technical report PNW ;$v894.
=830  \0$aGeneral technical report PNW.$pGuidebook supplement ;$v47.
=830  \0$aSupplement ... to Federal research natural areas in Oregon and Washington.
=852  41$aBritish Library$bSTI
=852  41$aBritish Library$bDSC$j9098.730000
=856  41$uhttp://www.fs.fed.us/pnw/pubs/pnw_gtr894.pdf
=CAT  \\$a7233$b40$c20140903$lBLL01$h1344
=CAT  \\$a8980$b40$c20140911$lBLL01$h1121
=CAT  \\$a8980$b40$c20140911$lBLL01$h1142
=CAT  \\$aBATCH-CLA$b00$c20140912$lBLL01$h0037
=CFI  0\$aCurrent copyright fee: zero$c0$e29-nov-2002$fGBP0.00$g0$hZ$5Uk
=FIN  \\$aY$d20140911
=FMT  \\$a  BK
=LAS  \\$aBATCH-CLA$b00$c20140912$lBLL01$h0037
=SID  \\$aZ39$bOCLC

