=LDR  02942 am a22005657a 4500
=001  016859535
=003  Uk
=005  20210507030745.0
=008  140820s2014\\\\oruab\\\\b\\\f000\0|eng\d
=035  \\$a(OCoLC)888069675
=040  \\$aVXG$cVXG$dLHL$dOWS$dUk
=042  \\$aukblderived
=043  \\$an-us-or
=086  0\$aA 13.88:PNW-GTR-895
=100  1\$aWineteer, Marcia L.
=245  10$aRound Top Butte Research Natural Area /$cMarcia L. Wineteer and Reid Schuller.
=260  \\$aPortland, OR :$bU.S. Dept. of Agriculture, Forest Service, Pacific Northwest Research Station,$c[2014]
=300  \\$a31 p. :$bcol. ill., col. maps ;$c28 cm.
=336  \\$atext$2rdacontent
=337  \\$aunmediated$2rdamedia
=338  \\$avolume$2rdacarrier
=490  1\$aGeneral technical report ;$vPNW-GTR-895$aGuidebook supplement ;$v46
=500  \\$aCover title.
=500  \\$a"May 2014."
=500  \\$aSupplements: Federal research natural areas in Oregon and Washington : a guidebook for scientists and educators / by Jerry F. Franklin ... [et al.]. 1972.
=504  \\$aIncludes bibliographical references (p. 19-21).
=520  3\$aThis guidebook describes major biological and physical attributes of the 243-ha (600-ac) Round Top Butte Research Natural Area. The area supports high-quality examples of valley upland grasslands and savanna of the Cascade foothills. Plant communities include Oregon white oak (Quercus garryana) savanna and open woodland with forbs and grasses; ponderosa pine (Pinus ponderosa)-Oregon white oak woodland; bluebunch wheatgrass-California oatgrass-Lemmon's needlegrass (Pseudoroegneria spicata-Danthonia californica-Achnatherum lemmonii) grasslands; and tufted hairgrass (Deschampsia cespitosa)-California oatgrass vernally flooded prairie.
=530  \\$aAlso available on the Internet.
=540  \\$aCurrent copyright fee: zero$c0$5Uk
=650  \0$aResearch natural areas$zOregon$zJackson County.
=650  \0$aPlant communities$zOregon$zJackson County.
=650  \0$aEcological surveys$zOregon$zJackson County.
=651  \0$aRound Top Butte Research Natural Area (Or.)
=700  1\$aSchuller, Reid.
=710  2\$aPacific Northwest Research Station (Portland, Or.)
=830  \0$aGeneral technical report PNW ;$v895.
=830  \0$aGeneral technical report PNW.$pGuidebook supplement ;$v46.
=830  \0$aSupplement ... to Federal research natural areas in Oregon and Washington.
=852  41$aBritish Library$bSTI
=852  41$aBritish Library$bDSC$j9098.730000
=856  41$uhttp://www.fs.fed.us/pnw/pubs/pnw_gtr895.pdf
=CAT  \\$a7233$b40$c20140903$lBLL01$h1346
=CAT  \\$a8980$b40$c20140911$lBLL01$h1143
=CAT  \\$aBATCH-CLA$b00$c20210507$lBLL01$h0307
=CFI  0\$aCurrent copyright fee: zero$c0$e29-nov-2002$fGBP0.00$g0$hZ$5Uk
=FIN  \\$aY$d20140911
=FMT  \\$a  BK
=LAS  \\$aBATCH-CLA$b00$c20210507$lBLL01$h0307
=SID  \\$aZ39$bOCLC
=TCO  \\$aTRS$bCCC$c008

