=LDR  04433cam a2201021 i 4500
=001  016872496
=003  Uk
=005  20230924064730.0
=008  140310s2013\\\\it\abf\\\b\\\|0|1\0|fre\d
=020  \\$a9782728309740 (paperback)
=020  \\$a2728309744 (paperback)
=035  \\$a(OCoLC)872111151$z(OCoLC)877916004$z(OCoLC)879685270$z(OCoLC)883460377
=040  \\$aC3L$beng$cC3L$dDEBBG$dAUXAM$dTZT$dOCLCO$dERASP$dNARDE$dOCLCQ$dOCLCO$dCGU$dOCLCQ$dOCLCF$dNDD$dUk$erda
=043  \\$ae-it---$ae-po---$ae------$ae-sp---
=045  \\$ao0s9$at0u9
=050  \4$aN6919.N27$bB37 2013
=082  04$a704$221
=100  1\$aBarreto, Joana,$d1980-$eauthor.
=245  13$aLa majesté en images :$bportraits du pouvoir dans la Naples des Aragon /$cJoana Barreto.
=264  \1$a[Rome] :$bÉcole française de Rome,$c2013.
=300  \\$aviii, 505 pages, 90 unnumbered pages of plates :$billustrations (black and white, and colour), maps (black and white) ;$c28 cm.
=336  \\$atext$2rdacontent
=337  \\$aunmediated$2rdamedia
=338  \\$avolume$2rdacarrier
=490  1\$aCollection de l'École française de Rome,$x0223-5099 ;$v482
=490  0\$aÉF histoire, archéologie, sciences sociales
=504  \\$aIncludes bibliographical references and index.
=540  \\$aCurrent Copyright Fee: GBP25.00$c0$5Uk
=600  07$aAlfons$bII,$cNeapel, König,$d1448-1495.$2gnd
=600  07$aAlfonso$bV,$cAragón, Rey,$d1396-1458.$2gnd
=600  07$aFerdinand$bI,$cNeapel, König,$d1431-1494.$2gnd
=650  \0$aArt, Renaissance$zItaly$zNaples (Kingdom)
=650  \0$aArt, Italian$zItaly$zNaples (Kingdom)
=650  \0$aPrerogative, Royal, in art.
=650  \4$aPortraits$xRenaissance$xram.
=650  \4$aPouvoir royal$xDans l'art$x15e siècle$xram.
=650  \4$aRois et souverains$xNaples (Royaume)$xram.
=650  07$aBildnis.$2gnd
=650  07$aHerrscher.$2gnd
=650  07$aKunst.$2gnd
=650  \7$aArt, Italian.$2fast
=650  \7$aArt, Renaissance.$2fast
=650  \7$aKings and rulers.$2fast
=650  \7$aPrerogative, Royal, in art.$2fast
=651  \0$aNaples (Kingdom)$xKings and rulers$vPortraits.
=651  \4$aNaples (Royaume)$x1442-1707 (Domination espagnole)$xram.
=651  \7$aNeapel.$2gnd
=651  \7$aEurope$zNaples (Kingdom)$2fast
=653  1\$aAncient and medieval history$aGeneral history of Europe
=655  \7$aPortraits.$2fast
=710  2\$aÉcole française de Rome,$epublisher.
=830  \0$aCollection de l'École française de Rome,$x0223-5099 ;$v482.
=852  41$aBritish Library$bDSC$j3310.417000
=852  41$aBritish Library$bHMNTS$jAc.5233.a.[....]
=852  41$aBritish Library$bHMNTS
=852  41$aBritish Library$bHMNTS$jAc.5233.a.[482]
=856  42$uhttp://www.liberdomus.it/liberdomus/nrdcc/abstracts/D0135048335.pdf
=ACF  \\$aPrevious Copyright Fee: GBP12.30$c0$e01-jan-2014$fGBP12.30$g0$hA$5Uk
=ACF  \\$aPrevious Copyright Fee: GBP15.00$c0$e01-jan-2017$fGBP15.00$g0$hA$5Uk
=ACF  \\$aPrevious Copyright Fee: GBP20.00$c0$e01-jan-2020$fGBP20.00$g0$hA$5Uk
=CAT  \\$a8197$b40$c20140923$lBLL01$h1435
=CAT  \\$a7233$b40$c20140925$lBLL01$h1122
=CAT  \\$aBATCH-CLA$b00$c20140926$lBLL01$h0038
=CAT  \\$a11250$b40$c20140929$lBLL01$h1522
=CAT  \\$a7483$b40$c20141022$lBLL01$h1542
=CAT  \\$aBATCH-CLA$b00$c20141023$lBLL01$h0038
=CAT  \\$aBATCH-UPD$b00$c20141114$lBLL01$h2133
=CAT  \\$aBATCH-CLA$b00$c20141115$lBLL01$h0034
=CAT  \\$aBATCH-UPD$b00$c20150925$lBLL01$h1134
=CAT  \\$aBATCH-CLA$b00$c20161222$lBLL01$h1838
=CAT  \\$aIPL-CLA$c20161231$lBLL01$h0019
=CAT  \\$aBATCH-CLA$b00$c20171222$lBLL01$h2218
=CAT  \\$aIPL-CLA$c20171231$lBLL01$h1826
=CAT  \\$aBATCH-CLA$b00$c20191219$lBLL01$h1801
=CAT  \\$aIPL-CLA$c20191231$lBLL01$h2039
=CAT  \\$aR2001-1524$c20200127$lBLL01$h2103
=CAT  \\$aBATCH-CLA$b00$c20200128$lBLL01$h0448
=CAT  \\$aBATCH-CLA$b00$c20201204$lBLL01$h1613
=CAT  \\$aIPL-CLA$c20201231$lBLL01$h2342
=CAT  \\$aBATCH-CLA$b00$c20221221$lBLL01$h1930
=CAT  \\$aIPL-CLA$c20221231$lBLL01$h2330
=CAT  \\$aW2308-1659$c20230923$lBLL01$h1027
=CAT  \\$aBATCH-CLA$b00$c20230924$lBLL01$h0647
=CFI  0\$aCurrent Copyright Fee: GBP25.00$c0$e01-jan-2023$fGBP25.00$g0$hA$5Uk
=FIN  \\$aY$d20140929
=FMT  \\$a  BK
=LAS  \\$aBATCH-CLA$b00$c20230924$lBLL01$h0647
=SID  \\$aZ39$bOCLC

