=LDR  03970cam a2200865 i 4500
=001  017027132
=003  Uk
=005  20221231233222.0
=008  140918s2014\\\\it\ab\\\\b\\\|0|1\0|fre\d
=020  \\$a9782728310586 (paperback)
=020  \\$z9788872287354
=020  \\$z8872287359
=035  \\$a(OCoLC)891143951
=040  \\$aNARDE$beng$cNARDE$dOCLCQ$dUk$erda
=041  0\$afre$aita$ager
=042  \\$aukblsr
=082  14$a902
=245  04$aLes dynamiques de l'islamisation en Méditerranée centrale et en Sicile :$bnouvelles propositions et découvertes récentes /$cédité par Annliese Nef et Fabiola Ardizzone ; avec la collaboration de Lucia Arcifa, Alessandra Bagnera et Elena Pezzini = Le dinamiche dell'islamizzazione nel Mediterraneo centrale e in Sicilia : nuove proposte e scoperte recenti /a cura di Annliese Nef e Fabiola Ardizzone ; con la collaborazione di Lucia Arcifa, Alessandra Bagnera e Elena Pezzini.
=264  \1$aRoma-Bari :$bEdupuglia,$c2014.
=300  \\$a422 pages :$billustrations (black and white, and colour), maps (black and white) ;$c29 cm.
=336  \\$atext$btxt$2rdacontent
=337  \\$aunmediated$bn$2rdamedia
=338  \\$avolume$bnc$2rdacarrier
=490  1\$aCollection de l'École française de Rome,$x0223-5099 ;$v487
=504  \\$aIncludes bibliographical references and index.
=540  \\$aCurrent Copyright Fee: GBP25.00$c0$5Uk
=546  \\$aChapters in French and Italian and one in German.
=650  \0$aMuslims$zItaly$zSicily$xHistory$yTo 1500.
=651  \0$aSicily (Italy)$xHistory$yTo 1500.
=651  \0$aSicily (Italy)$xCivilization$xIslamic influences.
=653  1\$aMiscellany
=700  1\$aNef, Annliese,$eeditor.
=700  1\$aArdizzone, Fabiola,$eeditor.
=700  1\$aArcifa, Lucia,$eeditor.
=700  1\$aBagnera, Alessandra,$eeditor.
=700  1\$aPezzini, Elena,$eeditor.
=710  2\$aÉcole française de Rome.
=830  \0$aCollection de l'École française de Rome,$x0223-5099 ;$v487.
=852  41$aBritish Library$bDSC$j3310.417000
=852  41$aBritish Library$bHMNTS$jAc.5233.a.[....]
=852  41$aBritish Library$bHMNTS
=852  41$aBritish Library$bHMNTS$jAc.5233.a.[487]
=856  42$uhttp://www.liberdomus.it/liberdomus/nrdcc/abstracts/D0135049197.pdf
=ACF  \\$aPrevious Copyright Fee: GBP12.30$c0$e01-jan-2014$fGBP12.30$g0$hA$5Uk
=ACF  \\$aPrevious Copyright Fee: GBP15.00$c0$e01-jan-2017$fGBP15.00$g0$hA$5Uk
=ACF  \\$aPrevious Copyright Fee: GBP20.00$c0$e01-jan-2020$fGBP20.00$g0$hA$5Uk
=CAT  \\$a8197$b40$c20150126$lBLL01$h1305
=CAT  \\$a7233$b40$c20150127$lBLL01$h0941
=CAT  \\$a7233$b40$c20150127$lBLL01$h0942
=CAT  \\$aBATCH-CLA$b00$c20150128$lBLL01$h0057
=CAT  \\$a11070$b40$c20150206$lBLL01$h1501
=CAT  \\$aBATCH-CLA$b00$c20150207$lBLL01$h0037
=CAT  \\$a7483$b40$c20150220$lBLL01$h1437
=CAT  \\$aBATCH-CLA$b00$c20150221$lBLL01$h0037
=CAT  \\$a10804$b40$c20150226$lBLL01$h1032
=CAT  \\$aBATCH-CLA$b00$c20150227$lBLL01$h0038
=CAT  \\$aBATCH-UPD$b00$c20150925$lBLL01$h1134
=CAT  \\$aBATCH-CLA$b00$c20161222$lBLL01$h1839
=CAT  \\$aIPL-CLA$c20161231$lBLL01$h0021
=CAT  \\$aBATCH-CLA$b00$c20171222$lBLL01$h2218
=CAT  \\$aIPL-CLA$c20171231$lBLL01$h1828
=CAT  \\$aBATCH-CLA$b00$c20191219$lBLL01$h1802
=CAT  \\$aIPL-CLA$c20191231$lBLL01$h2040
=CAT  \\$aR2001-1524$c20200127$lBLL01$h2104
=CAT  \\$aBATCH-CLA$b00$c20200128$lBLL01$h0448
=CAT  \\$aBATCH-CLA$b00$c20201204$lBLL01$h1614
=CAT  \\$aIPL-CLA$c20201231$lBLL01$h2343
=CAT  \\$aBATCH-CLA$b00$c20221221$lBLL01$h1931
=CAT  \\$aIPL-CLA$c20221231$lBLL01$h2332
=CFI  0\$aCurrent Copyright Fee: GBP25.00$c0$e01-jan-2023$fGBP25.00$g0$hA$5Uk
=CFI  2\$aPrevious Copyright Fee: GBP22.50$c0$e01-jan-2021$fGBP22.50$g0$hA$5Uk
=FIN  \\$aY$d20150206
=FMT  \\$a  BK
=LAS  \\$aIPL-CLA$b00$c20221231$lBLL01$h2332
=SID  \\$aZ39$bOCLC

