=LDR  03967cam a22005417i 4500
=001  017079620
=003  Uk
=005  20230924064221.0
=008  150204s2014\\\\oruab\\\\b\\\f000\0\eng\d
=035  \\$a(OCoLC)902740660
=040  \\$aUAF$beng$cUAF$dOWS$dUk$erda
=042  \\$aukblderived
=043  \\$an-us-wa$an-us-az$an-us-nm$an-us-or
=050  \4$aGF91.U6$bI57 2014
=086  0\$aA 13.88:PNW-GTR-896
=245  00$aIntegrating social, economic, and ecological values across large landscapes /$cJessica E. Halofsky, Megan K. Creutzburg, and Miles A. Hemstrom, editors.
=264  \1$aPortland, Oregon :$bU.S. Department of Agriculture, Forest Service, Pacific Northwest Research Station,$c2014.
=300  \\$a206 pages :$billustrations, maps ;$c28 cm.
=336  \\$atext$btxt$2rdacontent
=337  \\$aunmediated$bn$2rdamedia
=338  \\$avolume$bnc$2rdacarrier
=490  1\$aGeneral technical report PNW-GTR ;$v896
=500  \\$a"October 2014."
=504  \\$aIncludes bibliographical references.
=520  3\$aThe Integrated Landscape Assessment Project (ILAP) was a multiyear effort to produce information, maps, and models to help land managers, policymakers, and others conduct mid- to broad-scale (e.g., watersheds to states and larger areas) prioritization of land management actions, perform landscape assessments, and estimate cumulative effects of management actions for planning and other purposes. The ILAP provided complete cross-ownership geospatial data and maps on current vegetation, potential vegetation, land ownership and management allocation classes, and other landscape attributes across Arizona, New Mexico, Oregon, and Washington. State-and-transition models, developed to cover all major upland vegetation types in the four states, integrated vegetation development, management actions, and natural disturbances to allow users to examine the mid- and long-term effects of alternative management and disturbance scenarios. New model linkages to wildlife habitat, economics, aboveground carbon pools, biomass, and wildfire hazard were developed and integrated through decision-support systems. Models incorporating potential effects of climate change were also developed for focus areas in Oregon and Arizona. This report includes an overview of the structure and components of ILAP along with descriptions of methods and example results for state-and-transition modeling, fuel characterization, treatment economics, wildlife habitat, community economics, and climate change. This report serves as a guide to ILAP. Complete collections of the project's models, maps, data, and tools will be archived and available online through the Western Landscapes Explorer portal (www.westernlandscapesexplorer.info) so that scientists and managers will be able to use and build upon ILAP's products.
=530  \\$aOnline version available$uhttp://www.fs.fed.us/pnw/pubs/pnw_gtr896.pdf
=540  \\$aCurrent copyright fee: zero$c0$5Uk
=650  \0$aLandscape assessment$zUnited States.
=650  \0$aLand use$zUnited States$xPlanning.
=650  \0$aEcosystem management$zUnited States.
=700  1\$aHalofsky, Jessica E.,$eeditor.
=700  1\$aCreutzburg, Megan K.,$eeditor.
=700  1\$aHemstrom, Miles A.,$eeditor.
=710  2\$aPacific Northwest Research Station (Portland, Or.)
=830  \0$aGeneral technical report PNW ;$v896.
=852  41$aBritish Library$bSTI
=852  41$aBritish Library$bDSC$j9098.730000
=856  41$uhttp://www.fs.fed.us/pnw/pubs/pnw_gtr896.pdf
=CAT  \\$a7164$b40$c20150224$lBLL01$h1137
=CAT  \\$aBATCH-CLA$b00$c20150225$lBLL01$h0131
=CAT  \\$aBATCH-UPD$b00$c20150903$lBLL01$h1637
=CAT  \\$aW2308-1659$c20230923$lBLL01$h1029
=CAT  \\$aBATCH-CLA$b00$c20230924$lBLL01$h0642
=CFI  0\$aCurrent copyright fee: zero$c0$e29-nov-2002$fGBP0.00$g0$hZ$5Uk
=FIN  \\$aY$d20150224
=FMT  \\$a  BK
=LAS  \\$aBATCH-CLA$b00$c20230924$lBLL01$h0642
=SID  \\$aZ39$bOCLC

