=LDR  03962cam a22007817i 4500
=001  017373743
=003  Uk
=005  20230924064732.0
=008  140326s2013\\\\it\ab\\\\b\\\\001\0\fre\d
=020  \\$a9782728309627
=020  \\$a2728309620
=035  \\$a(OCoLC)884275560
=040  \\$aNARDE$beng$cNARDE$dOCLCQ$dERASP$dIUL$dC3L$dNDD$dMUU$dOCLCF$dOCLCQ$dUk$erda
=042  \\$aukblderived
=043  \\$amm-----
=050  \4$aTC330$b.L58 2013
=082  14$a710$223
=245  03$aUn littoral sans nature? :$bl'avenir de la Méditerranée face à l'urbanisation /$cétudes réunies par Coline Perrin.
=264  \1$aRoma :$bÉcole française de Rome,$c2013.
=300  \\$a349 pages :$billustrations (some color), maps (some color) ;$c28 cm.
=336  \\$atext$btxt$2rdacontent
=337  \\$aunmediated$bn$2rdamedia
=338  \\$avolume$bnc$2rdacarrier
=490  1\$aCollection de l'École française de Rome ;$v481
=504  \\$aIncludes bibliographical references (pages 325-338) and index.
=505  0\$aLes limites du littoral -- L'urbanisation du littoral -- Conflits sur le littoral -- L'action des pouvoirs publics pour la protection du littoral -- L'impact des structures foncières sur l'aménagement du littoral -- Valoriser la multifonctionnalité des espaces agricoles et naturels littoraux.
=520  \\$aThis book analyzes the issues of management of agricultural and natural areas threatened by urbanization on the Mediterranean coast. Comparison of case studies located in Spain, France, Italy, Albania, Greece and Tunisia shows the processing of agricultural and natural landscapes, games of actors and the underlying challenges that their urbanization leads to the development.--Provided by publisher.
=540  \\$aCurrent Copyright Fee: GBP25.00$c0$5Uk
=650  \0$aShore protection$zMediterranean Region.
=650  \0$aRestoration ecology.
=650  \0$aEconomic development$xEnvironmental aspects.
=650  \0$aUrbanization$xEnvironmental aspects$zMediterranean Region.
=650  \0$aNatural resources$xManagement.
=650  \7$aEconomic development$xEnvironmental aspects.$2fast$0(OCoLC)fst00901808
=650  \7$aNatural resources$xManagement.$2fast$0(OCoLC)fst01034438
=650  \7$aRestoration ecology.$2fast$0(OCoLC)fst01095983
=650  \7$aShore protection.$2fast$0(OCoLC)fst01116978
=650  \7$aUrbanization$xEnvironmental aspects.$2fast$0(OCoLC)fst01162728
=651  \7$aMediterranean Region.$2fast$0(OCoLC)fst01239752
=700  1\$aPerrin, Coline,$eeditor.
=830  \0$aCollection de l'École française de Rome ;$v481.
=852  41$aBritish Library$bDSC$j3310.417000
=852  41$aBritish Library$bHMNTS$jAc.5233.a.[....]
=852  41$aBritish Library$bHMNTS
=852  41$aBritish Library$bHMNTS$jAc.5233.a.[481]
=856  42$uhttp://www.liberdomus.it/liberdomus/nrdcc/abstracts/D0135048578.pdf
=ACF  \\$aPrevious Copyright Fee: GBP20.00$c0$e01-jan-2020$fGBP20.00$g0$hA$5Uk
=CAT  \\$a8197$b40$c20150527$lBLL01$h1058
=CAT  \\$a8197$b40$c20150527$lBLL01$h1059
=CAT  \\$a7164$b40$c20150527$lBLL01$h1347
=CAT  \\$aBATCH-UPD$b40$c20150925$lBLL01$h1133
=CAT  \\$aBATCH-CLA$b00$c20180705$lBLL01$h0109
=CAT  \\$aBATCH-CLA$b00$c20191219$lBLL01$h1802
=CAT  \\$aIPL-CLA$c20191231$lBLL01$h2041
=CAT  \\$aR2001-1524$c20200127$lBLL01$h2105
=CAT  \\$aBATCH-CLA$b00$c20200128$lBLL01$h0448
=CAT  \\$aBATCH-CLA$b00$c20201204$lBLL01$h1614
=CAT  \\$aIPL-CLA$c20201231$lBLL01$h2344
=CAT  \\$aBATCH-CLA$b00$c20221221$lBLL01$h1931
=CAT  \\$aIPL-CLA$c20221231$lBLL01$h2333
=CAT  \\$aW2308-1659$c20230923$lBLL01$h1030
=CAT  \\$aBATCH-CLA$b00$c20230924$lBLL01$h0647
=CFI  0\$aCurrent Copyright Fee: GBP25.00$c0$e01-jan-2023$fGBP25.00$g0$hA$5Uk
=FIN  \\$aY$d20150527
=FMT  \\$a  BK
=LAS  \\$aBATCH-CLA$b00$c20230924$lBLL01$h0647
=SID  \\$aZ39$bOCLC
=TCO  \\$aITA$bAIDRO / SIAE$c008

