=LDR  02408cam a2200541 a 4500
=001  015469521
=003  Uk
=005  20100205120721.0
=008  091231s2009\\\\lu\a\\\\\b\\\i000\0\eng\d
=020  \\$a9789292075002
=020  \\$a9292075004
=035  \\$a(OCoLC)495567028
=040  \\$aUK$ceng$dUk
=042  \\$aukblsr
=043  \\$ae------
=082  04$a338.47637094$222
=110  2\$aEuropean Court of Auditors.
=245  10$aHave the management instruments applied to the market in milk and milk products achieved their main objectives? /$cEuropean Court of Auditors.
=260  \\$aLuxembourg :$bPublications Office of the European Union,$c2009.
=300  \\$a64 p. :$bcol. ill. ;$c30 cm. +$e1 CD-ROM.
=336  \\$atext$2rdacontent
=337  \\$aunmediated$2rdamedia
=338  \\$avolume$2rdacarrier
=490  1\$aSpecial report,$x1831-0834 ;$vno 14/2009
=500  \\$a"Pursuant to Article 248(4), second subparagraph, of the EC treaty."
=500  \\$aAccompanied by CD-ROM containing PDF versions of the text in twenty-two languages: Bulgarian, Czech, Danish, Dutch, English, Estonian, Finnish, French, German, Greek, Hungarian, Italian, Latvian, Lithuanian, Maltese, Polish, Portuguese, Romanian, Slovak, Slovenian, Spanish, Swedish.
=500  \\$a"QJ-AB-09-014-EN-C"--P. [4] of cover.
=500  \\$a"QJ-AB-09-014-1X-Z"--CD-ROM disc label.
=504  \\$aIncludes bibliographical references.
=530  \\$aAlso available online.
=650  \0$aDairy products industry$xGovernment policy$zEuropean Union countries.
=650  \0$aMilk trade$xGovernment policy$zEuropean Union countries.
=650  \0$aDairying$xEconomic aspects$zEuropean Union countries.
=690  7\$aManagement and Business Studies$2blcoll
=830  \0$aSpecial report (European Court of Auditors) ;$vno. 14/2009.
=852  41$aBritish Library$bHMNTS$jEU338.47637094
=852  41$aBritish Library$bHMNTS$3Accompanying CD-ROM
=856  41$uhttp://eca.europa.eu/portal/pls/portal/docs/1/3400301.PDF
=CAT  \\$a1350$b40$c20100120$lBLL01$h1106
=CAT  \\$aBATCH-UPD$b40$c20100126$lBLL01$h1359
=CAT  \\$a5447$b40$c20100205$lBLL01$h1207
=CAT  \\$aBATCH690$c20100715$lBLL01$h2117
=CAT  \\$aBATCH-MBS$c20100716$lBLL01$h2058
=CAT  \\$aW2308-1659$c20230923$lBLL01$h1052
=FIN  \\$aY$d20100205
=FMT  \\$a  BK
=LAS  \\$aW2308-1659$b00$c20230923$lBLL01$h1052
=SID  \\$aZ39$bOCLC

