=LDR  01711 am a2200457 a 4500
=001  015683139
=003  Uk
=005  20110704131139.0
=008  100720s2010\\\\pl\a\\\\\b\\\\000\0\eng\d
=035  \\$a(OCoLC)699531228
=040  \\$aDEBSZ$beng$cDEBSZ$dUk
=041  0\$aeng$ager
=042  \\$aukblsr
=100  1\$aWitte, Hermann,$d1947-
=245  14$aThe Szczecin School of "simple" Economics /$cHermann Witte.
=260  \\$aSzczecin, Poland :$bWolters,$c2010.
=300  \\$aiv, 80 p. :$bill. ;$c21 cm.
=336  \\$atext$2rdacontent
=337  \\$aunmediated$2rdamedia
=338  \\$avolume$2rdacarrier
=500  \\$a"With due respect to the 20th anniversary of the Faculty of Management and Economics of Services, University of Szczecin"--T.p. verso.
=504  \\$aIncludes bibliographical references.
=546  \\$aPapers in English or German.
=650  \0$aEconomics.
=650  \0$aEconometrics.
=650  \0$aAccounting.
=650  \0$aBusiness enterprises$xFinance$xMathematical models.
=710  2\$aUniwersytet Szczeciński.$bWydział Zarządzania i Ekonomiki Usług.
=852  41$aBritish Library$bHMNTS
=852  41$aBritish Library$bHMNTS$jYD.2011.a.4365
=856  4\$uhttp://digitool.hbz-nrw.de:1801/webclient/DeliveryManager?pid=3812074&custom%5Fatt%5F2=simple%5Fviewer
=CAT  \\$a8440$b40$c20101101$lBLL01$h0800
=CAT  \\$a10905$b40$c20110603$lBLL01$h1542
=CAT  \\$a10905$b40$c20110614$lBLL01$h0845
=CAT  \\$a10743$b40$c20110704$lBLL01$h1311
=CAT  \\$aBATCH-UPD$b40$c20110707$lBLL01$h2221
=CAT  \\$aBATCH-UPD$b40$c20120817$lBLL01$h2250
=FIN  \\$aY$d20110603
=FMT  \\$a  BK
=LAS  \\$aBATCH-UPD$b40$c20120817$lBLL01$h2250
=SID  \\$aZ39$bOCLC

