=LDR  02418 am a22006137a 4500
=001  015752283
=003  Uk
=005  20110215144227.0
=008  110131s2010\\\\sw\a\\\\\b\\\|000\0|eng\d
=020  \\$a9789150621587 (pbk.)
=020  \\$a9150621580 (pbk.)
=035  \\$a(OCoLC)701279474
=040  \\$aNJR$cNJR$dUk
=042  \\$aukblderived
=043  \\$ae-ru---$an-us---
=050  \4$aJZ5588$b.S58 2010
=100  1\$aSjöstedt, Roxanna,$d1973-
=245  10$aTalking threats :$bthe social construction of national security in Russia and the United States /$cRoxanna Sjöstedt.
=246  30$aSocial construction of national security in Russia and the United States
=260  \\$aUppsala :$bUppsala universitet,$cc2010.
=300  \\$a148 p. :$bill. ;$c25 cm.
=336  \\$atext$2rdacontent
=337  \\$aunmediated$2rdamedia
=338  \\$avolume$2rdacarrier
=490  1\$aReport,$x0566-8808 ;$vno. 91
=500  \\$aOriginally presented as the author's thesis (Ph. D.)--Uppsala universitet, 2010.
=504  \\$aIncludes bibliographical references.
=530  \\$aAlso available online.
=540  \\$aBritish Library not licensed to copy$c0$5Uk
=650  \0$aSecurity, International.
=650  \0$aNational security$zRussia (Federation)
=650  \0$aNational security$zUnited States.
=650  \0$aThreats$zRussia (Federation)
=650  \0$aThreats$zUnited States.
=650  \0$aHIV infections$zRussia (Federation)
=650  \0$aHIV infections$zUnited States.
=650  \0$aAIDS (Disease)$zRussia (Federation)
=650  \0$aAIDS (Disease)$zUnited States.
=710  2\$aUppsala universitet.$bInstitutionen för freds- och konfliktforskning.
=830  \0$aReport (Uppsala universitet. Instutionen för freds- och konfliktforskning),$x0566-8808 ;$vno. 91.
=852  \\$aBritish Library$bHMNTS
=852  41$aBritish Library$bDSC$j7624.400000
=856  41$uhttp://urn.kb.se/resolve?urn=urn:nbn:se:uu:diva-130585
=CAT  \\$a9504$b40$c20110215$lBLL01$h1123
=CAT  \\$a8980$b40$c20110215$lBLL01$h1442
=CAT  \\$aBATCH-CLA$b00$c20120928$lBLL01$h1829
=CAT  \\$aBATCH-CLA$b00$c20120930$lBLL01$h1033
=CAT  \\$aBATCH-CLA$b00$c20130508$lBLL01$h0718
=CFI  0\$aBritish Library not licensed to copy$c0$e07-sep-2011$hC$iTX$5Uk
=FIN  \\$aY$d20110215
=FMT  \\$a  BK
=LAS  \\$aBATCH-CLA$b00$c20130508$lBLL01$h0718
=SID  \\$aZ39$bOCLC
=TCO  \\$aXXX$c008

