=LDR  04034cam a2200901 a 4500
=001  015793900
=003  Uk
=005  20230705014430.0
=008  110314s2010\\\\it\\\\\\\b\\\\101\0\fre\c
=020  \\$a9782728309023 (pbk.) :$cNo price
=035  \\$a(OCoLC)707459639
=040  \\$aC3L$beng$cC3L$dTZT$dCGU$dERASP$dUk
=041  0\$afre$aita$beng$bfre$bita
=042  \\$aukblsr
=043  \\$ae-vc---$ae-fr---
=050  \4$aBX1377$b.P54 2010
=082  04$a282.45$223
=245  00$aPie XI et la France :$bl'apport des archives du pontificat de Pie XI à la connaissance des rapports entre la Saint-Siège et la France /$cétudes réunies par Jacques Prévotat.
=260  \\$a[Rome] :$bÉcole française de Rome,$c2010.
=300  \\$a533 p. ;$c24 cm.
=336  \\$atext$2rdacontent
=337  \\$aunmediated$2rdamedia
=338  \\$avolume$2rdacarrier
=490  0\$aCollection de l'École française de Rome,$x0223-5099 ;$v438
=500  \\$a"Les textes recueillis dans cet ouvrage forment les actes du colloque organisé les 4, 5 et 6 décembre 2008 à l'Istituto Luigi Sturzo"--T.p. verso.
=504  \\$aIncludes bibliographical references and index.
=540  \\$aCurrent Copyright Fee: GBP25.00$c0$5Uk
=546  \\$aText in French and Italian with summaries in the same language and in English.
=591  \\$aPapers.
=600  00$aPius$bXI,$cPope,$d1857-1939$vCongresses.
=610  20$aCatholic Church$xForeign relations$zFrance$vCongresses.
=650  \0$aChurch and state$zFrance$xHistory$y20th century$vCongresses.
=651  \0$aFrance$xForeign relations$xCatholic Church$vCongresses.
=653  1\$aPie XI
=653  1\$aLa France
=700  1\$aPrévotat, Jacques.
=710  2\$aÉcole française de Rome.
=852  41$aBritish Library$bDSC$j3310.417000
=852  41$aBritish Library$bHMNTS$jAc.5233.a.[....]
=852  41$aBritish Library$bHMNTS
=852  41$aBritish Library$bHMNTS$jAc.5233.a.[438]
=856  42$uhttp://digital.casalini.it/9782728309023
=945  \\$aCollection- ecole Francaise de Rome ; 438 2010
=ACF  \\$aPrevious copyright fee: GBP12.00$c0$e01-jan-2012$fGBP12.00$g0$hA$5Uk
=ACF  \\$aPrevious Copyright Fee: GBP12.30$c0$e01-jan-2014$fGBP12.30$g0$hA$5Uk
=ACF  \\$aPrevious Copyright Fee: GBP15.00$c0$e01-jan-2017$fGBP15.00$g0$hA$5Uk
=ACF  \\$aPrevious Copyright Fee: GBP20.00$c0$e01-jan-2020$fGBP20.00$g0$hA$5Uk
=CAT  \\$a8197$b40$c20110419$lBLL01$h1133
=CAT  \\$a8197$b40$c20110419$lBLL01$h1134
=CAT  \\$a8411$b40$c20110419$lBLL01$h1403
=CAT  \\$a10896$b40$c20110503$lBLL01$h1206
=CAT  \\$a12640$b40$c20110701$lBLL01$h1243
=CAT  \\$aBATCH-CLA$b00$c20120928$lBLL01$h1839
=CAT  \\$aBATCH-CLA$b00$c20120930$lBLL01$h1050
=CAT  \\$aBATCH-CLA$b00$c20130508$lBLL01$h0738
=CAT  \\$aBATCH-CLA$c20131220$lBLL01$h2111
=CAT  \\$aIPL-CLA$c20140101$lBLL01$h0145
=CAT  \\$aBATCH-CLA$b00$c20161222$lBLL01$h1833
=CAT  \\$aIPL-CLA$c20161230$lBLL01$h2353
=CAT  \\$aBATCH-CLA$b00$c20171222$lBLL01$h2207
=CAT  \\$aIPL-CLA$c20171231$lBLL01$h1807
=CAT  \\$aBATCH-CLA$b00$c20191219$lBLL01$h1756
=CAT  \\$aIPL-CLA$c20191231$lBLL01$h2027
=CAT  \\$aR2001-1524$c20200127$lBLL01$h2053
=CAT  \\$aBATCH-CLA$b00$c20200128$lBLL01$h0448
=CAT  \\$aBATCH-CLA$b00$c20201204$lBLL01$h1606
=CAT  \\$aIPL-CLA$c20201231$lBLL01$h2327
=CAT  \\$aBATCH-CLA$b00$c20221221$lBLL01$h1922
=CAT  \\$aIPL-CLA$c20221231$lBLL01$h2304
=CAT  \\$aBATCH-UPD$b00$c20230704$lBLL01$h2046
=CAT  \\$aBATCH-CLA$b00$c20230705$lBLL01$h0144
=CFI  0\$aCurrent Copyright Fee: GBP25.00$c0$e01-jan-2023$fGBP25.00$g0$hA$5Uk
=CNF  \\$aPie XI et la France : l'apport des archives du pontificat de Pie XI à la connaissance des rapports entre la Saint-Siège et la France (conference)$d(2008 Dec :$cRome)
=FIN  \\$aY$d20110503
=FMT  \\$a  BK
=LAS  \\$aBATCH-CLA$b00$c20230705$lBLL01$h0144
=SID  \\$aZ39$bOCLC
=TCO  \\$aITA$bAIDRO / SIAE$c008

