=LDR  04285cam a2200889 a 4500
=001  015793903
=003  Uk
=005  20221231230439.0
=008  110214s2010\\\\it\\\\\\\b\\\\101\0\fre\d
=020  \\$a9782728308866 (pbk.)
=020  \\$a2728308861 (pbk.)
=035  \\$a(OCoLC)701796553
=040  \\$aC3L$beng$cC3L$dHTV$dTZT$dERASP$dDEBSZ$dUk
=041  0\$afre$aita$bfre$bita
=042  \\$aukblsr
=043  \\$af------$ae-it---
=045  \\$ao0s9$at0u9$av0w1$aw1w9$ax0x4$ax4x-
=050  \4$aDT155.9.I8$bM34 2010
=082  04$a303.48245061$223
=245  00$aMaghreb-Italie :$bdes passeurs médiévaux à l'orientalisme moderne, XIIIe-milieu XXe siècle /$cétudes réunies par Benoît Grévin.
=260  \\$a[Rome] :$bÉcole française de Rome,$c2010.
=300  \\$axiii, 497 p. ;$c24 cm.
=336  \\$atext$2rdacontent
=337  \\$aunmediated$2rdamedia
=338  \\$avolume$2rdacarrier
=490  1\$aCollection de l'École française de Rome,$x0223-5099 ;$v439
=500  \\$a"Les textes recueillis dans cet ouvrage forment les actes d'un cycle de rencontres organisé par l'École française de Rome avec le concours de l'Institut universitaire européen (Fiesole, 14-15 décembre 2006), de la Facoltà di studi orientali de la Sapienza Università di Roma (Rome, 30 mars 2007) et de l'Istituto per l'Oriente C. A. Nallino (Rome, 22 juin 2007)"--T.p. verso.
=504  \\$aIncludes bibliographical references and indexes.
=540  \\$aCurrent Copyright Fee: GBP25.00$c0$5Uk
=546  \\$aTexts in French or Italian with abstracts in the same language as the text.
=591  \\$aSelected papers. Also selected papers from the 2 one day conferences held in Rome 2007.
=651  \0$aAfrica, North$xRelations$zItaly$vCongresses.
=651  \0$aItaly$xRelations$zAfrica, North$vCongresses.
=690  7\$aSocial Welfare$2blcoll
=700  1\$aGrévin, Benoît.
=710  2\$aÉcole française de Rome.
=830  \0$aCollection de l'École française de Rome,$x0223-5099 ;$v439.
=852  41$aBritish Library$bDSC$j3310.417000
=852  41$aBritish Library$bHMNTS$jAc.5233.a.[....]
=852  41$aBritish Library$bHMNTS
=852  41$aBritish Library$bHMNTS$jAc.5233.a.[439]
=856  42$uhttp://digital.casalini.it/9782728308866
=945  \\$aCollection- Ecole Francaise de Rome, ISSN 0223-5099 ; no. 439 2010
=ACF  \\$aPrevious copyright fee: GBP12.00$c0$e01-jan-2012$fGBP12.00$g0$hA$5Uk
=ACF  \\$aPrevious Copyright Fee: GBP12.30$c0$e01-jan-2014$fGBP12.30$g0$hA$5Uk
=ACF  \\$aPrevious Copyright Fee: GBP15.00$c0$e01-jan-2017$fGBP15.00$g0$hA$5Uk
=ACF  \\$aPrevious Copyright Fee: GBP20.00$c0$e01-jan-2020$fGBP20.00$g0$hA$5Uk
=CAT  \\$a8197$b40$c20110419$lBLL01$h1136
=CAT  \\$a7143$b40$c20110421$lBLL01$h1210
=CAT  \\$a12640$b40$c20110712$lBLL01$h1758
=CAT  \\$aBATCH-SWP$c20110910$lBLL01$h0023
=CAT  \\$aBATCH-CLA$b00$c20120928$lBLL01$h1839
=CAT  \\$aBATCH-CLA$b00$c20120930$lBLL01$h1050
=CAT  \\$aBATCH-UPD$b00$c20130429$lBLL01$h2024
=CAT  \\$aBATCH-CLA$b00$c20130508$lBLL01$h0738
=CAT  \\$aBATCH-CLA$c20131220$lBLL01$h2111
=CAT  \\$aIPL-CLA$c20140101$lBLL01$h0145
=CAT  \\$aBATCH-CLA$b00$c20161222$lBLL01$h1833
=CAT  \\$aIPL-CLA$c20161230$lBLL01$h2353
=CAT  \\$aBATCH-CLA$b00$c20171222$lBLL01$h2207
=CAT  \\$aIPL-CLA$c20171231$lBLL01$h1807
=CAT  \\$aBATCH-CLA$b00$c20191219$lBLL01$h1756
=CAT  \\$aIPL-CLA$c20191231$lBLL01$h2027
=CAT  \\$aR2001-1524$c20200127$lBLL01$h2053
=CAT  \\$aBATCH-CLA$b00$c20200128$lBLL01$h0448
=CAT  \\$aBATCH-CLA$b00$c20201204$lBLL01$h1606
=CAT  \\$aIPL-CLA$c20201231$lBLL01$h2327
=CAT  \\$aBATCH-CLA$b00$c20221221$lBLL01$h1922
=CAT  \\$aIPL-CLA$c20221231$lBLL01$h2304
=CFI  0\$aCurrent Copyright Fee: GBP25.00$c0$e01-jan-2023$fGBP25.00$g0$hA$5Uk
=CFI  2\$aPrevious Copyright Fee: GBP22.50$c0$e01-jan-2021$fGBP22.50$g0$hA$5Uk
=CNF  \\$aMaghreb-Italie :des passeurs médiévaux à l'orientalisme moderne, XIIIe-milieu XXe siècle (Conference)$d(2006 Dec :$cFiesole, Italy)
=FIN  \\$aY$d20110421
=FMT  \\$a  BK
=LAS  \\$aIPL-CLA$b00$c20221231$lBLL01$h2304
=SID  \\$aZ39$bOCLC
=TCO  \\$aITA$bAIDRO / SIAE$c008

