=LDR  02770cam a22006617a 4500
=001  015797907
=003  Uk
=005  20110428135209.0
=008  100621s2010\\\\msua\\\\\b\\\s000\0\eng\d
=035  \\$a(OCoLC)642689841
=040  \\$aMFM$cMFM$dUk
=042  \\$aukblderived
=043  \\$an-us-ms
=245  00$aResults of Southern Sweetpotato IPM Project in Mississippi /$cJack T. Reed ... [et al.].
=260  \\$a[Mississippi State] :$bOffice of Agricultural Communications, Division of Agriculture, Forestry, and Veterinary Medicine, Mississippi State University,$c2010.
=300  \\$a14 p. :$bill. ;$c28 cm.
=336  \\$atext$2rdacontent
=337  \\$aunmediated$2rdamedia
=338  \\$avolume$2rdacarrier
=490  1\$aBulletin (Mississippi Agricultural & Forestry Experiment Station) ;$v1181
=500  \\$a"May 2010."
=504  \\$aIncludes bibliographical references (p. 14).
=530  \\$aAvailable also online.
=540  \\$aBritish Library not licensed to copy$c0$5Uk
=650  \0$aSweet potatoes$zMississippi.
=650  \0$aSweet potatoes$xDiseases and pests$xIntegrated control$zMississippi.
=700  1\$aReed, Jack T.
=830  \0$aBulletin (Mississippi Agricultural and Forestry Experiment Station) ;$v1181.
=852  41$aBritish Library$bSTI
=852  41$aBritish Library$bDSC$j2617.880000
=856  41$uhttp://msucares.com/pubs/bulletins/b1181.pdf
=ACF  \\$aBritish Library not licensed to copy$c0$e07-sep-2011$hC$iTX$5Uk
=ACF  \\$aBritish Library not licensed to copy$c0$e01-oct-2013$hC$iCFP Excluded$5Uk
=CAT  \\$a7164$b40$c20110428$lBLL01$h1352
=CAT  \\$aBATCH-CLA$b00$c20120928$lBLL01$h1837
=CAT  \\$aBATCH-CLA$b00$c20120930$lBLL01$h1047
=CAT  \\$aBATCH-CLA$b00$c20121205$lBLL01$h1812
=CAT  \\$aIPL-CLA$c20121231$lBLL01$h1331
=CAT  \\$aIPL-CLA$c20130102$lBLL01$h1808
=CAT  \\$aBATCH-CLA$b00$c20130330$lBLL01$h1433
=CAT  \\$aIPL-CLA$c20130331$lBLL01$h1059
=CAT  \\$a540_fix$c20130403$lBLL01$h2017
=CAT  \\$aBATCH-CLA$b00$c20130508$lBLL01$h0734
=CAT  \\$aBATCH-CLA$b00$c20130602$lBLL01$h0155
=CAT  \\$aIPL-CLA$c20130701$lBLL01$h0143
=CAT  \\$aBATCH-CLA$b00$c20130902$lBLL01$h0141
=CAT  \\$aIPL-CLA$c20130930$lBLL01$h1811
=CAT  \\$aBATCH-CLA$b00$c20131202$lBLL01$h0338
=CAT  \\$aIPL-CLA$c20140101$lBLL01$h0145
=CAT  \\$aBATCH-CLA$b00$c20140327$lBLL01$h1823
=CAT  \\$aIPL-CLA$c20140331$lBLL01$h1639
=CFI  0\$aBritish Library not licensed to copy$c0$e01-apr-2014$hC$iCFP Excluded$5Uk
=CFI  2\$aBritish Library not licensed to copy$c0$e01-jan-2014$hC$iCFP Excluded$5Uk
=FIN  \\$aY$d20110428
=FMT  \\$a  BK
=LAS  \\$aIPL-CLA$b00$c20140331$lBLL01$h1639
=SID  \\$aZ39$bOCLC
=TCO  \\$aTRS$bCCC$c008

