=LDR  02699cam a22006497a 4500
=001  016047971
=003  Uk
=005  20120313083549.0
=008  120104s2011\\\\msua\\\\\\\\\s000\0\eng\d
=035  \\$a(OCoLC)770361010
=040  \\$aMFM$cMFM$dAGL
=042  \\$aukblderived
=070  0\$aSH351.C4$bM57 2011
=100  1\$aMischke, Charles C.$q(Charles Christopher)
=245  10$aSummary of current research on catfish fry pond management /$cCharles C. Mischke.
=246  1\$iPartial cover title:$aCatfish fry pond management
=260  \\$a[Mississippi State] :$bOffice of Agricultural Communications, Division of Agriculture, Forestry, and Veterinary Medicine, Mississippi State University,$c[2011]
=300  \\$a13 p. :$bill. ;$c28 cm.
=336  \\$atext$2rdacontent
=337  \\$aunmediated$2rdamedia
=338  \\$avolume$2rdacarrier
=490  1\$aBulletin ;$v1196
=500  \\$aCover title.
=500  \\$a"September 2011"--Cover.
=530  \\$aAlso available on the Internet.
=540  \\$aBritish Library not licensed to copy$c0$5Uk
=650  \0$aFish ponds$zDelta (Miss. : Region)$xManagement.
=650  \0$aChannel catfish$zDelta (Miss. : Region)
=650  \0$aCatfish fisheries$zDelta (Miss. : Region)
=710  2\$aMississippi Agricultural and Forestry Experiment Station.
=830  \0$aBulletin (Mississippi Agricultural and Forestry Experiment Station) ;$v1196.
=852  41$aBritish Library$bSTI
=852  41$aBritish Library$bDSC$j2617.880000
=856  41$uhttp://msucares.com/pubs/bulletins/b1196.pdf
=ACF  \\$aBritish Library not licensed to copy$c0$e01-oct-2013$hC$iCFP Excluded$5Uk
=CAT  \\$a9504$b40$c20120313$lBLL01$h0835
=CAT  \\$aBATCH-CLA$b00$c20120928$lBLL01$h1837
=CAT  \\$aBATCH-CLA$b00$c20120930$lBLL01$h1047
=CAT  \\$aBATCH-CLA$b00$c20121205$lBLL01$h1812
=CAT  \\$aIPL-CLA$c20121231$lBLL01$h1335
=CAT  \\$aIPL-CLA$c20130102$lBLL01$h1815
=CAT  \\$aBATCH-CLA$b00$c20130508$lBLL01$h0734
=CAT  \\$aBATCH-CLA$b00$c20130602$lBLL01$h0155
=CAT  \\$aIPL-CLA$c20130701$lBLL01$h0150
=CAT  \\$aBATCH-CLA$b00$c20130902$lBLL01$h0142
=CAT  \\$aIPL-CLA$c20130930$lBLL01$h1814
=CAT  \\$aBATCH-CLA$b00$c20131202$lBLL01$h0339
=CAT  \\$aIPL-CLA$c20140101$lBLL01$h0157
=CAT  \\$aBATCH-CLA$b00$c20140327$lBLL01$h1823
=CAT  \\$aIPL-CLA$c20140331$lBLL01$h1640
=CFI  0\$aBritish Library not licensed to copy$c0$e01-apr-2014$hC$iCFP Excluded$5Uk
=CFI  2\$aBritish Library not licensed to copy$c0$e01-jan-2014$hC$iCFP Excluded$5Uk
=FIN  \\$aY$d20120313
=FMT  \\$a  BK
=LAS  \\$aIPL-CLA$b00$c20140331$lBLL01$h1640
=SID  \\$aZ39$bOCLC
=TCO  \\$aTRS$bCCC$c008

