=LDR  04398 am a22005177a 4500
=001  016538466
=003  Uk
=005  20210507030741.0
=008  131104s2013\\\\oruab\\\\b\\\f000\0\eng\d
=035  \\$a(OCoLC)862076586
=040  \\$aAZN$cAZN$dUDI$dORE$dUk
=042  \\$aukblderived
=043  \\$an-us---
=086  0\$aA 13.88:PNW-GTR-884
=245  00$aAssessing the vulnerability of watersheds to climate change :$bresults of national forest watershed vulnerability pilot assessments /$cMichael J. Furniss ... [et al.] ; contributors and reviewers Christopher P. Carlson ... [et al.].
=260  \\$aPortland, OR :$bPacific Northwest Research Station,$c[2013]
=300  \\$a32 p. :$bill. (some col.), maps ;$c28 cm.
=336  \\$atext$2rdacontent
=337  \\$aunmediated$2rdamedia
=338  \\$avolume$2rdacarrier
=490  1\$aGeneral technical report PNW ;$vGTR-884
=500  \\$aCover title.
=500  \\$a"July 2013."
=504  \\$aIncludes bibliographical references (p. 31-32).
=520  3\$aExisting models and predictions project serious changes to worldwide hydrologic processes as a result of global climate change. Projections indicate that significant change may threaten National Forest System watersheds that are an important source of water used to support people, economies, and ecosystems. Wildland managers are expected to anticipate and respond to these threats, adjusting management priorities and actions. Because watersheds differ greatly in: (1) the values they support, (2) their exposure to climatic changes, and (3) their sensitivity to climatic changes, understanding these differences will help inform the setting of priorities and selection of management approaches. Drawing distinctions in climate change vulnerability among watersheds on a national forest or grassland allows more efficient and effective allocation of resources and better land and watershed stewardship. Eleven national forests from throughout the United States, representing each of the nine Forest Service regions, conducted assessments of potential hydrologic change resulting from ongoing and expected climate warming. A pilot assessment approach was developed and implemented. Each national forest identified water resources important in that area, assessed climate change exposure and watershed sensitivity, and evaluated the relative vulnerabilities of watersheds to climate change. The assessments provided management recommendations to anticipate and respond to projected climate-hydrologic changes. Completed assessments differed in level of detail, but all assessments identified priority areas and management actions to maintain or improve watershed resilience in response to a changing climate. The pilot efforts also identified key principles important to conducting future vulnerability assessments.
=520  \\$a"Eleven national forests from throughout the United States, representing each of the nine Forest Service regions, conducted assessments of potential hydrologic change resulting from ongoing and expected climate warming. A pilot assessment approach was developed and implemented. Each national forest identified water resources important in that area, assessed climate change exposure and watershed sensitivity, and evaluated the relative vulnerabilities of watersheds to climate change. The assessments provided management recommendations to anticipate and respond to projected climate-hydrologic changes"-- Prelim. p.
=530  \\$aAlso available via Internet.
=540  \\$aCurrent copyright fee: zero$c0$5Uk
=650  \0$aWatershed management$xClimatic factors$zUnited States.
=650  \0$aClimatic changes$zUnited States.
=650  \0$aForest management$xClimatic factors$zUnited States.
=700  1\$aFurniss, Michael J.
=700  1\$aCarlson, Christopher P.
=710  2\$aPacific Northwest Research Station (Portland, Or.)
=830  \0$aGeneral technical report PNW ;$v884.
=852  41$aBritish Library$bSTI
=852  41$aBritish Library$bDSC$j9098.730000
=856  41$uhttp://treesearch.fs.fed.us/pubs/43898
=CAT  \\$a7233$b40$c20131106$lBLL01$h1337
=CAT  \\$aBATCH-CLA$b00$c20210507$lBLL01$h0307
=CFI  0\$aCurrent copyright fee: zero$c0$e29-nov-2002$fGBP0.00$g0$hZ$5Uk
=FIN  \\$aY$d20131106
=FMT  \\$a  BK
=LAS  \\$aBATCH-CLA$b00$c20210507$lBLL01$h0307
=SID  \\$aZ39$bOCLC
=TCO  \\$aTRS$bCCC$c008

