=LDR  04234cam a22007217i 4500
=001  020667367
=003  Uk
=005  20230924064743.0
=008  211025s2021\\\\it\a\\\\\b\\\\101\0\fre\d
=020  \\$a9782728314812$qpaperback
=020  \\$z9782728314829$qepub
=020  \\$a2728314810
=035  \\$a(OCoLC)1280423602$z(OCoLC)1277196183$z(OCoLC)1277198045
=040  \\$aAUXAM$beng$cAUXAM$dNARDE$dC3L$dCGU$dOCLCF$dOCLCO$dUEJ$dOCLCO$dUk$erda
=041  0\$afre$aita
=042  \\$aukblcatcopy
=050  \4$aDG70.O8$bS455 2018
=082  \4$a937$223
=111  2\$aSeminario Ostiense$n(5th :$d2018 :$cRome and Ostia, Italy)
=245  10$aOstia, l'Italia e il Mediterraneo :$bintorno all opera di Mireille Cébeillac-Gervasoni : atti del quinto seminario ostiense, Roma-Ostia, 21-22 febbraio 2018 /$ca cura di Maria Letizia Caldelli, Nicolas Laubry e Fausto Zevi.
=264  \1$aRome :$bEcole française de Rome,$c2021.
=300  \\$a308 pages :$billustrations ;$c28 cm.
=336  \\$atext$btxt$2rdacontent
=337  \\$aunmediated$bn$2rdamedia
=338  \\$avolume$bnc$2rdacarrier
=490  1\$aCollection de l'École française de Rome,$x0223-5099 ;$v583
=504  \\$aIncludes bibliographical references and index.
=520  \\$aDedicato alla memoria di Mireille Cébeillac-Gervasoni, scomparsa il 29 marzo 2017, il volume raccoglie 22 contributi di amici e colleghi presentati al Quinto seminario Ostiense (Roma - Parco Archeologico di Ostia Antica, 21 e 22 marzo 2018). Dopo un'introduzione che mette in risalto il ruolo degli studi su Ostia nell'opera scientifica della studiosa, il volume contiene una prima serie di saggi dedicati alla storia istituzionale, sociale o religiosa della città porto di Roma e che si avvalgono di dati nuovi o rivisti di natura epigrafica o archeologica. Sulla linea del percorso intellettuale e delle ricerche di Mireille Cébeillac-Gervasoni, e talvolta riallacciandosi esplicitamente ai suoi studi, la seconda parte del libro tratta più specificamente il tema delle élites dell'Italia romana, ma allargandosi alla storia del Mediterraneo romano con l'esempio dei riti funebri della colonia di Filippi. Tutti i contributi vogliono offrire un riflesso sfaccettato e nello stesso tempo, anche se non completo, almeno fedele dell'iniziativa dei Seminari Ostiensi da lei sempre sostenuta con particolare impegno, e delle ricerche che ha ispirato nella sua lunga carriera.
=530  \\$aAlso published electronically.
=540  \\$aCurrent Copyright Fee: GBP25.00$c0$5Uk
=546  \\$aFrench or Italian.
=591  \\$aSelected papers.
=650  \7$aAntiquities.$2fast$0(OCoLC)fst00810745
=651  \0$aOstia (Extinct city)$xAntiquities$vCongresses.
=651  \0$aRome$xAntiquities$vCongresses.
=651  \6$aRome$xAntiquités$vCongrès.
=651  \7$aItaly$zOstia (Extinct city)$2fast$0(OCoLC)fst01896909
=651  \7$aRome (Empire)$2fast$0(OCoLC)fst01204885
=655  \7$aConference papers and proceedings.$2fast$0(OCoLC)fst01423772
=700  1\$aCébeillac-Gervasoni, Mireille.
=700  1\$aCaldelli, Maria Letizia.
=700  1\$aLaubry, Nicolas,$d1980-
=700  1\$aZevi, Fausto.
=830  \0$aCollection de l'École française de Rome ;$v583.
=852  41$aBritish Library$bDSC$j3310.417000
=852  41$aBritish Library$bHMNTS$jAc.5233.a.[....]
=852  41$aBritish Library$bHMNTS
=856  42$uhttp://www.liberdomus.it/liberdomus/nrdcc/abstracts/D0135063868.pdf
=856  41$uhttp://digital.casalini.it/9782728314812
=945  \\$aCollection - Ecole Francaise de Rome, ISSN 0223-5099 ; no 583 2021
=CAT  \\$a11029$b40$c20220705$lBLL01$h1344
=CAT  \\$a8411$b40$c20220705$lBLL01$h1706
=CAT  \\$a8411$b40$c20220705$lBLL01$h1707
=CAT  \\$aBATCH-CLA$b00$c20220706$lBLL01$h0150
=CAT  \\$aBATCH-CLA$b00$c20221221$lBLL01$h1939
=CAT  \\$aIPL-CLA$c20221231$lBLL01$h2354
=CAT  \\$aW2308-1659$c20230923$lBLL01$h1137
=CAT  \\$aBATCH-CLA$b00$c20230924$lBLL01$h0647
=CFI  0\$aCurrent Copyright Fee: GBP25.00$c0$e01-jan-2023$fGBP25.00$g0$hA$5Uk
=CNF  \\$aOstiense (seminar)$n5th :$d2018 Feb :$cRome)
=FMT  \\$a  BK
=LAS  \\$aBATCH-CLA$b00$c20230924$lBLL01$h0647
=SID  \\$aZ39$bOCLC

