=LDR  03890cam a22008177i 4500
=001  020667385
=003  Uk
=005  20230924064744.0
=008  210707s2021\\\\it\b\\\\\b\\\\101\0\fre\c
=020  \\$a9782728314539$q(paperback)
=020  \\$a2728314535
=035  \\$a(OCoLC)1266640476
=040  \\$aAUXAM$beng$cAUXAM$dNARDE$dJPG$dOCLCF$dGZM$dOCLCO$dUk$erda
=041  \\$afre$aeng$bfre$beng
=042  \\$aukblcatcopy
=043  \\$aee-----
=050  \4$aBR737.S6$bA98 2021
=082  04$a281$223
=245  00$aAutocéphalies :$bl'exercice de l'indépendance dans les Églises slaves orientales (IXe-XXIe siècle) /$csous la direction de Marie-Hélène Blanchet, Frédéric Gabriel et Laurent Tatarenko ; cartes réalisées par Philippe Gelez et Goran Sekulovski.
=246  30$aExercice de l'indépendance dans les Églises slaves orientales :$b(IXe-XXIe siècle)
=264  \1$a[Rome] :$bÉcole française de Rome,$c2021.
=300  \\$aVIII, 673 pages :$bmaps (some color) ;$c24 cm.
=336  \\$atext$btxt$2rdacontent
=337  \\$aunmediated$bn$2rdamedia
=338  \\$avolume$bnc$2rdacarrier
=490  1\$aCollection de l'École française de Rome,$x0223-5099 ;$v572
=500  \\$aBased on two colloquiums held in November 2015 at the Pontificio Istituto Orientale and École française de Rome.-- École française de Rome website, viewed October 21, 2021.
=504  \\$aIncludes bibliographical references and indexes.
=540  \\$aCurrent Copyright Fee: GBP25.00$c0$5Uk
=546  \\$aContributions in French and English, abstracts in French and English.
=610  20$aOrthodox Eastern Church$zSlavic countries$vCongresses.
=610  27$aOrthodox Eastern Church$2fast$0(OCoLC)fst00510210
=650  \0$aAutocephaly$zSlavic countries$vCongresses.
=650  \0$aChurch and state$zSlavic countries$vCongresses.
=650  \0$aCivilization, Slavic$vCongresses.
=650  \6$aAutocéphalie$zÉtats slaves$vCongrès.
=650  \6$aÉglise et État$zÉtats slaves$vCongrès.
=650  \6$aCivilisation slave$vCongrès.
=650  \7$aAutocephaly.$2fast$0(OCoLC)fst00822621
=650  \7$aChurch and state.$2fast$0(OCoLC)fst00860509
=650  \7$aCivilization, Slavic.$2fast$0(OCoLC)fst00863128
=651  \0$aSlavic countries$xChurch history$vCongresses.
=651  \6$aÉtats slaves$xHistoire religieuse$vCongrès.
=651  \7$aSlavic countries.$2fast$0(OCoLC)fst01243927
=655  \7$aChurch history.$2fast$0(OCoLC)fst01411629
=655  \7$aConference papers and proceedings.$2fast$0(OCoLC)fst01423772
=700  1\$aBlanchet, Marie-Hélène,$eeditor.
=700  1\$aGabriel, Frédéric,$eeditor.
=700  1\$aTatarenko, Laurent,$eeditor.
=710  2\$aÉcole française de Rome,$eissuing body,$ehost institution.
=710  2\$aPontificium Institutum Orientalium Studiorum,$ehost institution.
=830  \0$aCollection de l'École française de Rome ;$v572.$x0223-5099.
=852  41$aBritish Library$bDSC$j3310.417000
=852  41$aBritish Library$bHMNTS$jAc.5233.a.[....]
=852  41$aBritish Library$bHMNTS
=852  41$aBritish Library$bHMNTS$jYF.2022.a.14449
=856  42$uhttp://www.liberdomus.it/liberdomus/nrdcc/abstracts/D0135063834.pdf
=CAT  \\$a11029$b40$c20220705$lBLL01$h1411
=CAT  \\$a11029$b40$c20220705$lBLL01$h1412
=CAT  \\$a8411$b40$c20220705$lBLL01$h1709
=CAT  \\$a8411$b40$c20220705$lBLL01$h1711
=CAT  \\$aBATCH-CLA$b00$c20220706$lBLL01$h0150
=CAT  \\$aBATCH-CLA$b00$c20221221$lBLL01$h1939
=CAT  \\$aIPL-CLA$c20221231$lBLL01$h2354
=CAT  \\$aW2308-1659$c20230923$lBLL01$h1137
=CAT  \\$aBATCH-CLA$b00$c20230924$lBLL01$h0647
=CFI  0\$aCurrent Copyright Fee: GBP25.00$c0$e01-jan-2023$fGBP25.00$g0$hA$5Uk
=FIN  \\$aY$d20220705
=FMT  \\$a  BK
=LAS  \\$aBATCH-CLA$b00$c20230924$lBLL01$h0647
=SID  \\$aZ39$bOCLC

