=LDR  05810cam a2200817 i 4500
=001  020937189
=003  Uk
=005  20230131010625.0
=008  220607t20222022it\\\\\\\b\\\\101\0\ita\d
=020  \\$a9782728315635$qpaperback
=020  \\$z9782728315642$qePub
=035  \\$a(OCoLC)1331146918$z(OCoLC)1333207291
=040  \\$aC3L$beng$cC3L$dJPG$dRPY$dOCLCF$dIPS$dUk$erda
=041  0\$aita$aeng$ager$beng$bita$bger
=042  \\$aukblderived
=043  \\$ae------$ae-it---
=050  \4$aDG534$b.E47 2018
=082  14$a937$214
=111  2\$aEmperors and Imperial Discourse in Italy, c. 1300-1500 : New Perspectives (Conference)$d(2018 :$cRome, Italy)
=245  10$aEmperors and imperial discourse in Italy, c. 1300-1500 :$bnew perspectives /$cedited by Anne Huijbers.
=264  \1$aRome :$bÉcole française de Rome,$c2022.
=264  \4$c©2022
=300  \\$a358 pages ;$c24 cm.
=336  \\$atext$btxt$2rdacontent
=337  \\$aunmediated$bn$2rdamedia
=338  \\$avolume$bnc$2rdacarrier
=490  1\$aCollection de l'École française de Rome,$x0223-5099 ;$v592
=500  \\$aContains papers presented at the conference Emperors and Imperial Discourse in Italy, c.1300-1500. New Perspectives, which was held at the Royal Dutch Institute in Rome, the Istituto storico italiano per il Medio Evo, and the École française de Rome on 5, 6 and 7 November 2018--Cited from Acknowledgments, page 4, and the brochure for the conference, available at: https://www.academia.edu/62742500/Emperors_and_imperial_discourse_in_Italy_c_1300_1500_New_perspectives_ed_by_Anne_Huijbers_Collection_de_l_%C3%89cole_Fran%C3%A7aise_de_Rome_2022, viewed on September 27, 2022.
=504  \\$aIncludes bibliographical references and index.
=520  \\$a"Describing the Holy Roman Empire after 1250 as a hopeless dream or an empty formula only Roman in name, historians have long minimized the impact of the imperial presence in late-medieval Italy. The nationalist historiography, on which we still largely depend, presented the Empire as alien to the very essence of humanism and modernity. Associating humanism with republicanism, scholars silently suggested that the belief in the peace-bringing emperor faded away as the Renaissance unfolded. No real humanist, so it was believed, could genuinely support the medieval construct that was the Holy Roman Empire. Only recently has this historiographical framework really been challenged. The present volume builds further on the thesis that humanism was perfectly compatible with imperialist political ideals. It aims to bring together new perspectives on empire and emperors in Italy and to highlight the continuing importance of the imperial ideal throughout the fourteenth and fifteenth century. It focuses on imperial discourses in the writings of Italian historians, humanists, poets, jurists and notaries. The imitation of Roman emperors is both a sign of the Renaissance and a central aspect in medieval political thought. It may, therefore, not surprise that the descent of the "king of the Romans" into Italy attracted the attention of Italians with humanist tastes. The name of empire aroused high expectations. Orations, histories, treatises, and letters show that many still generally accepted the legitimacy of the empire and considered the contemporary Holy Roman Emperor as the lawful leader of the Christian world"--page 4 of cover.
=530  \\$aAlso published electronically.
=540  \\$aCurrent Copyright Fee: GBP25.00$c0$5Uk
=546  \\$aContributions and abstracts in Italian, English, and German; introduction in English.
=591  \\$aSelected papers.
=648  \7$a1273-1517$2fast
=650  \0$aItalian literature$xPolitical aspects$xHistory$vCongresses.
=650  \0$aHumanism$zItaly$xHistory$vCongresses.
=650  \0$aHumanists$zItaly$xHistory$vCongresses.
=650  \7$aCivilization, Medieval.$2fast$0(OCoLC)fst00863049
=650  \7$aEmperors$xHistoriography.$2fast$0(OCoLC)fst00908907
=650  \7$aHumanism.$2fast$0(OCoLC)fst00963520
=651  \0$aItaly$xCivilization$xClassical influences$vCongresses.
=651  \0$aHoly Roman Empire$xHistory$y1273-1517$vCongresses.
=651  \0$aHoly Roman Empire$xKings and rulers$xHistoriography$vCongresses.
=651  \0$aItaly$xHistory$y1268-1492$vCongresses.
=651  \7$aEurope$zHoly Roman Empire.$2fast$0(OCoLC)fst01205344
=651  \7$aItaly.$2fast$0(OCoLC)fst01204565
=655  \7$aConference papers and proceedings.$2fast$0(OCoLC)fst01423772
=655  \7$aHistory.$2fast$0(OCoLC)fst01411628
=700  1\$aHuijbers, Anne,$eauthor,$eeditor.
=710  2\$aKoninklijk Nederlands Instituut Rome,$esponsoring body.
=710  2\$aIstituto storico italiano per il Medio Evo,$esponsoring body.
=710  2\$aÉcole française de Rome,$esponsoring body.
=830  \0$aCollection de l'École française de Rome ;$v592.
=852  41$aBritish Library$bDSC$j3310.417000
=852  41$aBritish Library$bHMNTS$jAc.5233.a.[....]
=852  41$aBritish Library$bHMNTS
=852  41$aBritish Library$bHMNTS$jYF.2023.a.2613
=856  41$uhttp://digital.casalini.it/9782728315635
=945  \\$aCollection de l'École française de Rome, ISSN 0223-5099 ; vol 592 2022
=CAT  \\$a15184$b40$c20230130$lBLL01$h1329
=CAT  \\$a15184$b40$c20230130$lBLL01$h1331
=CAT  \\$a15184$b40$c20230130$lBLL01$h1332
=CAT  \\$a15184$b40$c20230130$lBLL01$h1346
=CAT  \\$aBATCH-CLA$b00$c20230131$lBLL01$h0106
=CFI  0\$aCurrent Copyright Fee: GBP25.00$c0$e01-jan-2023$fGBP25.00$g0$hA$5Uk
=CNF  \\$aEmperors and Imperial Discourse in Italy, c. 1300-1500 : New Perspectives (Conference)$d(2018 Nov$cRome, Italy)
=FIN  \\$aY$d20230130
=FMT  \\$a  BK
=LAS  \\$aBATCH-CLA$b00$c20230131$lBLL01$h0106
=SID  \\$aZ39$bOCLC

