=LDR  03477cam a2200817 i 4500
=001  020937211
=003  Uk
=005  20230131010625.0
=008  220929s2022\\\\it\ach\f\b\\\\101\0\fre\d
=020  \\$a9782728315611$qpaperback
=020  \\$z9782728315628$qePub
=035  \\$a(OCoLC)1346258394$z(OCoLC)1347118844
=040  \\$aZYU$beng$cZYU$dZYU$dDEBBG$dOCLCF$dC3L$dIPS$dUk$erda
=041  0\$afre$aeng$bfre$beng
=042  \\$aukblderived
=043  \\$ae------
=050  \4$aB105.I47$bI426 2022
=082  04$a001.09$222
=084  \\$aHIST$qDE-12$2fid
=245  00$aImage et droit :$bdu ius imaginis au droit à l'image /$csous la direction de Naïma Ghermani et Caroline Michel D'Annoville.
=264  \1$a[Rome] :$bÉcole française de Rome,$c2022.
=300  \\$a417 pages :$billustrations (chiefly color), facsimiles, portraits ;$c24 cm.
=336  \\$atext$btxt$2rdacontent
=337  \\$aunmediated$bn$2rdamedia
=338  \\$avolume$bnc$2rdacarrier
=490  1\$aCollection de l'École française de Rome,$x0223-5099 ;$v599
=500  \\$aTexts from three conferences held at the École française de Rome in 2013, 2014 and 2015.
=504  \\$aIncludes bibliographical references and index.
=530  \\$aAlso published electronically.
=540  \\$aCurrent Copyright Fee: GBP25.00$c0$5Uk
=546  \\$aIncludes 13 French and 6 English contributions; French papers have abstracts in French and English, English papers have an abstract in English.
=650  \0$aImage (Philosophy)$vCongresses.
=650  \0$aArt$xPhilosophy$vCongresses.
=650  \0$aLaw and art$vCongresses.
=650  \0$aJustice$xAdministration$vCongresses.
=650  \0$aLaw and aesthetics$vCongresses.
=650  \0$aArt$xPolitical aspects$vCongresses.
=650  \0$aIcons$xPhilosophy$vCongresses.
=650  \0$aHeraldry$xSocial aspects$vCongresses.
=650  \7$aArt$xPhilosophy.$2fast$0(OCoLC)fst00815307
=650  \7$aArt$xPolitical aspects.$2fast$0(OCoLC)fst00815309
=650  \7$aImage analysis.$2fast$0(OCoLC)fst00967482
=650  \7$aImage (Philosophy)$2fast$0(OCoLC)fst00967475
=650  \7$aJustice$xAdministration.$2fast$0(OCoLC)fst00985123
=650  \7$aLaw and aesthetics.$2fast$0(OCoLC)fst00993891
=650  \7$aLaw and art.$2fast$0(OCoLC)fst00993894
=650  \7$aPhilosophie.$2gnd
=650  \7$aKunst.$2gnd
=650  \7$aRecht.$2gnd
=650  \7$aBild.$2gnd
=650  \7$aVisuelle Kommunikation.$2gnd
=655  \7$aConference papers and proceedings.$2fast$0(OCoLC)fst01423772
=655  \7$aKonferenzschrift.$0(DE-588)1071861417$2gnd
=700  1\$aGhermani, Naïma,$eeditor.
=700  1\$aAnnoville, C. d'$q(Caroline),$eauthor,$eeditor.
=710  2\$aÉcole française de Rome,$esponsoring body.
=830  \0$aCollection de l'École française de Rome ;$v599.
=852  41$aBritish Library$bDSC$j3310.417000
=852  41$aBritish Library$bHMNTS$jAc.5233.a.[....]
=852  41$aBritish Library$bHMNTS
=852  41$aBritish Library$bHMNTS$jYF.2023.a.2583
=856  41$uhttp://digital.casalini.it/9782728315611
=CAT  \\$a15184$b40$c20230130$lBLL01$h1412
=CAT  \\$a15184$b40$c20230130$lBLL01$h1413
=CAT  \\$a15184$b40$c20230130$lBLL01$h1414
=CAT  \\$aBATCH-CLA$b00$c20230131$lBLL01$h0106
=CFI  0\$aCurrent Copyright Fee: GBP25.00$c0$e01-jan-2023$fGBP25.00$g0$hA$5Uk
=FIN  \\$aY$d20230130
=FMT  \\$a  BK
=LAS  \\$aBATCH-CLA$b00$c20230131$lBLL01$h0106
=SID  \\$aZ39$bOCLC

