=LDR  02677cam a22006497i 4500
=001  020960062
=003  Uk
=005  20230924064744.0
=008  220915t20222022it\abdh\\b\\\\000\0\fre\d
=020  \\$a9782728315512$q(paperback)
=020  \\$a2728315515$q(paperback)
=035  \\$a(OCoLC)1348852166
=040  \\$aAUXAM$beng$cAUXAM$dZYU$dC3L$dOCLCF$dIPS$dUk$erda
=042  \\$aukblcatcopy
=043  \\$ae-it---
=050  \4$aHD9465.I83$bV57 2022
=082  14$a945$a387$223
=100  1\$aRivoal, Solène,$eauthor.
=245  14$aLes marchés de la mer :$bUne histoire sociale et environnementale de Venise au XVIIIe siècle /$cSolène Rivoal.
=246  30$aUne histoire sociale et environnementale de Venise au XVIIIe siècle
=264  \1$aRome :$bÉcole française de Rome,$c2022.
=264  \4$c©2022
=300  \\$a615 pages :$billustrations (chiefly color), color maps, charts, facsimiles ;$c24 cm.
=336  \\$atext$btxt$2rdacontent
=337  \\$aunmediated$bn$2rdamedia
=338  \\$avolume$bnc$2rdacarrier
=490  1\$aCollection de l'École française de Rome,$x0223-5099 ;$v596
=504  \\$aIncludes bibliographical references (pages 561-599).
=540  \\$aCurrent Copyright Fee: GBP25.00$c0$5Uk
=648  \7$a1700-1799$2fast
=650  \0$aFish trade$zItaly$zVenice$xHistory$y18th century.
=650  \0$aFish trade$xLaw and legislation$zItaly$zVenice$xHistory$y18th century.
=650  \0$aFood habits$zItaly$zVenice$xHistory$y18th century.
=650  \7$aCommerce.$2fast$0(OCoLC)fst00869279
=650  \7$aFish trade.$2fast$0(OCoLC)fst00925982
=650  \7$aFood habits.$2fast$0(OCoLC)fst00930807
=651  \0$aVenice (Italy)$xCommerce$y18th century.
=651  \7$aItaly$zVenice.$2fast$0(OCoLC)fst01204473
=655  \7$aHistory.$2fast$0(OCoLC)fst01411628
=830  \0$aCollection de l'École française de Rome ;$v596.
=852  41$aBritish Library$bDSC$j3310.417000
=852  41$aBritish Library$bHMNTS$jAc.5233.a.[....]
=852  41$aBritish Library$bHMNTS
=852  41$aBritish Library$bHMNTS$jYF.2023.a.3946
=856  41$uhttp://digital.casalini.it/9782728315512
=CAT  \\$a15954$b40$c20230215$lBLL01$h1349
=CAT  \\$a15954$b40$c20230215$lBLL01$h1355
=CAT  \\$a15954$b40$c20230215$lBLL01$h1359
=CAT  \\$a8411$b40$c20230221$lBLL01$h1530
=CAT  \\$aBATCH-CLA$b00$c20230222$lBLL01$h0124
=CAT  \\$aW2308-1659$c20230923$lBLL01$h1141
=CAT  \\$aBATCH-CLA$b00$c20230924$lBLL01$h0647
=CFI  0\$aCurrent Copyright Fee: GBP25.00$c0$e01-jan-2023$fGBP25.00$g0$hA$5Uk
=FIN  \\$aY$d20230215
=FMT  \\$a  BK
=LAS  \\$aBATCH-CLA$b00$c20230924$lBLL01$h0647
=SID  \\$aZ39$bOCLC

