=LDR  05051cam a22006257i 4500
=001  020988439
=003  Uk
=005  20230924064744.0
=008  220927s2022\\\\it\ab\\\\b\\\\001\0\fre\d
=020  \\$a9782728315093$qpaperback
=020  \\$z9782728315109$qepub
=020  \\$a2728315094
=035  \\$a(OCoLC)1348603953
=040  \\$aC3L$beng$cC3L$dIBV$dCGU$dC3L$dOCLCF$dUk$erda
=041  0\$afre$aeng$aita
=042  \\$aukblderived
=050  \4$aG96$b.F67 2022
=082  14$a912$214
=245  00$aForme du savoir, forme de pouvoir :$bles atlas géographiques à l'époque moderne et contemporaine /$csous la direction Jean-Marc Besse.
=264  \1$aRome :$bÉcole française de Rome,$c2022.
=300  \\$a431 pages :$billustrations (some color), maps (some color) ;$c28 cm.
=336  \\$atext$btxt$2rdacontent
=337  \\$aunmediated$bn$2rdamedia
=338  \\$avolume$bnc$2rdacarrier
=490  1\$aCollection de l'École française de Rome,$x0223-5099 ;$v593
=500  \\$a"Le présent ouvrage prolonge une recherche collective développée au sein du programme de recherche ACSAM ("Les Atlas dans les cultures scientifiques et artistiques modernes et contemporaines"), qui s'est déroulé entre 2012 et 2016, dans le cadre de partenariats entre l'UMR Géographie-cités (CNRS/Paris I/Paris VII/EHESS), l'École française de Rome, la Bibliothèque nationale de France, la Deutsche Forschungsgemeinschaft, l'Université d'Erfurt, le CHAM de Lisbonne, l'Université de Catane, le Centre Marc Bloch de Berlin."--Page 7.
=504  \\$aIncludes bibliographical references and index.
=504  \\$aIncludes bibliographical references and indexes.
=505  00$tCartographie de la Chine au milieu du XVIIe siècle et projets européens d'atlas: Martino Martini et les Blaeu /$rAntonella Romano --$tL'atlas de la généralité de Rouen: le contrôleur général, l'intendant et les cartographes indigènes (1679-1883) /$rJean Boutier --$tLe territoire colonial feuilleté: un atlas manuscrit de la régence d'Alger (1834-1838) /$rHélène Blais --$tUne vision ottomane du monde: à propos d'un atlas français traduit à Istanbul à la fin du XIXe siècle /$rSégolène Débarre --$tL'Atlas de Finlande de 1899: la nation démontrée par les cartes /$rGilles Palsky --$tLa contemplation de l'homme dans sa relation avec la nature?: atlas scolaires et manuels géographiques en Allemagne au XIXe siècle /$rManuel Schramm --$tAtlas or order: the origins of the early modern universal utopia /$rGeorge Tolias --$tL'atlas entre culture de l'image et culture en images: manipulation et stratégie d'assemblage de cartes et plans dans l'oeuvre de Claude Masse (1651-1737) /$rÉmilie d'Orgeix --$tDes atlas du doute?: scandales, impostures et prudences cartographiques au tournant des XVIIe et XVIIIe siècles /$rStéphane van Damme --$tConoscere attraverso le immagini: Genesi e forma degle atlanti: una svolta epistemologica della prima età moderna /$rAngelo Cattaneo --$tLes formes de la documentation dans la première partie du XXe siècle: atlas ou encyclopédie? /$rBertrand Müller --$tQuelques réflexions sur la matérialité des atlas (XVIIe-XVIIIe siècle) /$rNicolas Verdier --$tLe monde selon Robert de Vaugondy, d'Anville et Beaurian: trois formes d'atlas dans la France des Lumières, identités d'un genre en mutation /$rCatherine Hofmann --$tImpressions du nouveau monde: les atlas d'Alexandre de Humboldt /$rMarie-Noëlle Bourguet --$tBlind's space: the "Atlas of the United States, printed for the use of the blind" (1837) /$rPaolo Militello --$tRaconter et organiser l'espace et le temps: l'atlas historico-géographique de Karl von Spruner (Gotha, XIXe siècle) /$rSusanne Rau.
=530  \\$aAlso published electronically.
=540  \\$aCurrent Copyright Fee: GBP25.00$c0$5Uk
=546  \\$aContributions chiefly in French, with 2 contributions in English and 1 in Italian.
=650  \0$aAtlases$xHistory.
=650  \0$aGeography$xPolitical aspects.
=650  \0$aGeography$xHistory.
=650  \7$aAtlases.$2fast$0(OCoLC)fst00820246
=650  \7$aGeography.$2fast$0(OCoLC)fst00940469
=655  \7$aHistory.$2fast$0(OCoLC)fst01411628
=700  1\$aBesse, Jean-Marc,$eeditor.
=830  \0$aCollection de l'École française de Rome ;$v593.
=852  41$aBritish Library$bDSC$j3310.417000
=852  41$aBritish Library$bHMNTS$jAc.5233.a.[....]
=852  41$aBritish Library$bHMNTS
=852  41$aBritish Library$bHMNTS$jYF.2023.b.488
=856  41$uhttp://digital.casalini.it/9782728315093
=CAT  \\$a8411$b40$c20230313$lBLL01$h1118
=CAT  \\$a8411$b40$c20230313$lBLL01$h1120
=CAT  \\$aBATCH-CLA$b00$c20230314$lBLL01$h0105
=CAT  \\$aW2308-1659$c20230923$lBLL01$h1141
=CAT  \\$aBATCH-CLA$b00$c20230924$lBLL01$h0647
=CFI  0\$aCurrent Copyright Fee: GBP25.00$c0$e01-jan-2023$fGBP25.00$g0$hA$5Uk
=FIN  \\$aY$d20230313
=FMT  \\$a  BK
=LAS  \\$aBATCH-CLA$b00$c20230924$lBLL01$h0647
=SID  \\$aZ39$bOCLC

