=LDR  05006cam a22007457i 4500
=001  021052702
=003  Uk
=005  20230924064744.0
=008  221029t20222022it\d\\\\\b\\\\101\0\fre\d
=020  \\$a9782728314997$qpaperback
=020  \\$a2728314993$qpaperback
=020  \\$z9782728315000$qepub
=035  \\$a(OCoLC)1356271059$z(OCoLC)1359913590
=040  \\$aAUXAM$beng$cAUXAM$dUMC$dC3L$dUMC$dERASP$dOCLCF$dUk$dIPS$erda
=041  1\$afre$bfre$beng
=042  \\$aukblderived
=050  \4$aJC480$b.D45 2022
=082  14$a321
=245  00$aDe la dictature à l'état d'exception :$bapproche historique et philosophique /$csous la direction de Marie Goupy et Yann Rivière.
=264  \1$a[Rome] :$bÉcole française de Rome,$c2022.
=264  \4$c©2022
=300  \\$a465 pages :$bgraphs ;$c24 cm.
=336  \\$atext$2rdacontent
=337  \\$aunmediated$2rdamedia
=338  \\$avolume$2rdacarrier
=490  1\$aCollection de l'École française de Rome,$x0223-5099 ;$v601
=500  \\$aPapers resulting from two colloquiums, the first held at the Institut d'études avancées de Paris, October 16-17, 2017, the second at the École française de Rome, May 31-June 1, 2018--Cited from the Remerciements, and page 1. The colloquium held in 2017 was named De la dictature à l'état d'exception, the colloquium held in 2018 was named Dictature, raison d'état, état d'exception : ruptures et continuités, théories et applications.
=504  \\$aIncludes bibliographical references and index.
=520  8\$aCet ouvrage collectif naît d'abord d'un contexte. À une époque où les crises s'enchaînent au point de paraître permanentes, les législations d'urgence et les mesures dérogatoires connaissent une expansion telle que l'exception semble devenir la règle. Pourtant, le concept même d'état d'exception ne va pas de soi et alimente, dans le champ académique, de nombreux débats. Ne masque-t-il pas, derrière le sentiment partagé de quitter un monde politique et constitutionnel stabilisé, des situations juridiques très différentes ? Ce faisant, ne nous rend-il pas, paradoxalement, impuissants à penser le monde qui vient ?00Les textes rassemblés ici proposent d'élargir ces réflexions en les réinscrivant dans une perspective historique longue. Ils présentent un vaste répertoire des formes historiques de ± l'exceptionnalité ?, depuis l'institution romaine de la dictature jusqu'à l'état d'urgence contemporain, en tenant compte des normes et des pratiques juridico-politiques, mais aussi des concepts qui leur ont été associés.00Au fil d'un dialogue entre histoire et philosophie, l'ouvrage s'ouvre à d'autres disciplines et aux réflexions transversales qui ont accompagné ces concepts. Il interroge la manière dont des termes ± dictature ? ou ± état d'exception ? circulent et se modifient, en laissant émerger des questions récurrentes, notamment autour du rapport du droit et du politique à l'histoire et au temps.
=530  \\$aAlso published electronically.
=540  \\$aCurrent Copyright Fee: GBP25.00$c0$5Uk
=546  \\$aPapers in French, with abstracts in French and English.
=591  \\$aSelected papers.
=650  \0$aPolitical science$xPhilosophy$vCongresses.
=650  \0$aPower (Philosophy)$vCongresses.
=650  \0$aAuthoritarianism$xHistory$vCongresses.
=650  \0$aDictatorship$xHistory$vCongresses.
=650  \0$aExecutive power$xHistory$vCongresses.
=650  \7$aAuthoritarianism.$2fast$0(OCoLC)fst00821640
=650  \7$aDictatorship.$2fast$0(OCoLC)fst00892878
=650  \7$aPolitical science$xPhilosophy.$2fast$0(OCoLC)fst01069819
=650  \7$aPower (Philosophy)$2fast$0(OCoLC)fst01074215
=700  1\$aRivière, Yann,$eauthor,$eeditor.
=700  1\$aGoupy, Marie,$d1977-$eauthor,$eeditor.
=710  2\$aInstitut d'études avancées de Paris,$ehost institution.
=710  2\$aÉcole française de Rome,$ehost institution.
=830  \0$aCollection de l'École française de Rome ;$v601.$x0223-5099.
=852  41$aBritish Library$bDSC$j3310.417000
=852  41$aBritish Library$bHMNTS$jAc.5233.a.[....]
=852  41$aBritish Library$bHMNTS
=852  41$aBritish Library$bHMNTS$jYF.2023.a.11576
=856  41$uhttp://digital.casalini.it/9782728314997
=945  \\$aCollection- Ecole Francaise de Rome, ISSN 0223-5099 ; no 601 2022
=CAT  \\$a8411$b40$c20230515$lBLL01$h1413
=CAT  \\$a8411$b40$c20230515$lBLL01$h1418
=CAT  \\$a8411$b40$c20230515$lBLL01$h1419
=CAT  \\$aBATCH-CLA$b00$c20230516$lBLL01$h0104
=CAT  \\$aW2308-1659$c20230923$lBLL01$h1142
=CAT  \\$aBATCH-CLA$b00$c20230924$lBLL01$h0647
=CFI  0\$aCurrent Copyright Fee: GBP25.00$c0$e01-jan-2023$fGBP25.00$g0$hA$5Uk
=CNF  \\$aInstitut d'études avancées (Colloque)$n(1st :$d2017 Oct :$cParis)
=FIN  \\$aY$d20230515
=FMT  \\$a  BK
=LAS  \\$aBATCH-CLA$b00$c20230924$lBLL01$h0647
=SID  \\$aZ39$bOCLC

