=LDR  03502cam a2200553 i 4500
=001  021078367
=003  Uk
=005  20230607013814.0
=008  230213t20232023it\ade\\\b\\\\000\0\fre\d
=020  \\$a9782728315871$qpaperback
=020  \\$a2728315876
=035  \\$a(OCoLC)1370608619$z(OCoLC)1369667267
=040  \\$aC3L$beng$cC3L$dAUXAM$dUMC$dC3L$dUk$erda
=042  \\$aukblderived
=050  \4$aDT269.S545$bS43 2023
=082  14$a726$214
=100  1\$aBen Khader, Aïcha Ben Abed,$eauthor.
=245  10$aSidi Jdidi III :$bDes monnaies à l'archéologie /$cAïcha Ben Abed Ben Khader, Michel Fixot et Lucas Helfer-Lebert.
=264  \1$aRome :$bÉcole Française de Rome,$c2023.
=264  \4$c©2023
=300  \\$axii, 148 pages :$billustrations (some color), charts, plans ;$c28 cm.
=336  \\$atext$btxt$2rdacontent
=337  \\$aunmediated$bn$2rdamedia
=338  \\$avolume$bnc$2rdacarrier
=490  1\$aCollection de l'École française de Rome,$x0223-5099 ;$v610
=500  \\$a"En partenariat avec l'Institut national du patrimoine de Tunisie".
=504  \\$aIncludes bibliographical references (pages 121-123).
=520  \\$aCet ouvrage complète les deux volumes qui rendaient compte des fouilles intervenues entre 1991 et 2006 à Sidi Jdidi, l'ancienne Aradi. Ils traitaient respectivement d'une basilique chrétienne et du groupe épiscopal étudiés dans leur contexte. Le troisième volume concerne le matériel numismatique issu des deux sites, soit 938 monnaies. À partir des identifications dues à Cl. Brenot, elles ont été rapportées à la stratigraphie et livrent un échantillon de la circulation monétaire dans le cadre des lieux de culte et de leurs dépendances dans une petite cité africaine entre Ve et VIIe s. Les données sont confrontées aux interprétations avancées dans "les volumes précédents et dans celui de T. Mukaï qui traitait du matériel céramique du groupe épiscopal. Elles les confirment et montrent qu'au cours de l'ensemble de la période, les échanges quotidiens reposent de façon minoritaire sur des frappes de la seconde moitié du IVe s. tandis que la part essentielle revient aux imitations de ces mêmes espèces, sans renouvellement notable du stock. Quelques unités apportent des précisions sur les datations, occasion d'un retour sur l'histoire de cette partie de la cité, voire de la cité elle-même." -- back cover.
=540  \\$aCurrent Copyright Fee: GBP25.00$c0$5Uk
=650  \0$aExcavations (Archaeology)$zTunisia$zSidi Jdidi.
=650  \0$aChristian antiquities$zTunisia$zSidi Jdidi.
=650  \0$aCoins$zTunisia$zSidi Jdidi.
=651  \0$aSidi Jdidi (Tunisia)$xAntiquities.
=700  1\$aFixot, Michel,$eauthor.
=700  1\$aHelfer-Lebert, Lucas,$eauthor.
=830  \0$aCollection de l'École française de Rome ;$v610.$x0223-5099.
=852  41$aBritish Library$bDSC$j3310.417000
=852  41$aBritish Library$bHMNTS$jAc.5233.a.[....]
=852  41$aBritish Library$bHMNTS
=852  41$aBritish Library$bHMNTS$jYF.2023.b.834
=856  41$uhttp://digital.casalini.it/9782728315871
=CAT  \\$a8411$b40$c20230606$lBLL01$h1521
=CAT  \\$a8411$b40$c20230606$lBLL01$h1523
=CAT  \\$aBATCH-CLA$b00$c20230607$lBLL01$h0138
=CFI  0\$aCurrent Copyright Fee: GBP25.00$c0$e01-jan-2023$fGBP25.00$g0$hA$5Uk
=FIN  \\$aY$d20230606
=FMT  \\$a  BK
=LAS  \\$aBATCH-CLA$b00$c20230607$lBLL01$h0138
=SID  \\$aZ39$bOCLC

