=LDR  02456cam a2200601 i 4500
=001  021078373
=003  Uk
=005  20230607013814.0
=008  230119s2023\\\\it\\\\\\\b\\\\000\0\fre\d
=020  \\$a9782728315536$qpaperback
=020  \\$a2728315531$qpaperback
=035  \\$a(OCoLC)1371247920
=040  \\$aC3L$beng$cC3L$dQGE$dCGU$dOCLCF$dUk$dGZM$dC3L$dIPS$erda
=041  0\$afre$aeng$aita$bfre$beng
=042  \\$aukblderived
=043  \\$ae-it---
=050  \4$aBX2820$b.S396 2023
=082  14$a271$214
=245  00$aSavoirs profanes dans les ordres mendiants en Italie (XIIIe-XVe siècle) /$csous la direction de Joël Chandelier et d'Aurélien Robert.
=264  \1$a[Rome] :$bÉcole française de Rome,$c2023.
=300  \\$a634 pages ;$c24 cm.
=336  \\$atext$btxt$2rdacontent
=337  \\$aunmediated$bn$2rdamedia
=338  \\$avolume$bnc$2rdacarrier
=490  1\$aCollection de l'École française de Rome,$x0223-5099 ;$v597
=504  \\$aIncludes bibliographical references.
=540  \\$aCurrent Copyright Fee: GBP25.00$c0$5Uk
=546  \\$aContributions in French, English, and Italian; summaries in French and English.
=650  \0$aFriars$zItaly$xHistory$yTo 1500.
=650  \0$aMonasticism and religious orders$zItaly$xHistory$yTo 1500.
=650  \0$aFriars$zItaly$xIntellectual life.
=650  \0$aReligion and science$zItaly$xHistory$yTo 1500.
=650  \7$aFriars.$2fast$0(OCoLC)fst00935118
=650  \7$aIntellectual life.$2fast$0(OCoLC)fst00975769
=650  \7$aMonasticism and religious orders.$2fast$0(OCoLC)fst01025128
=651  \0$aItaly$xIntellectual life$y1268-1559.
=651  \7$aItaly.$2fast$0(OCoLC)fst01204565
=700  1\$aChandelier, Joël,$eauthor,$eeditor.
=700  1\$aRobert, Aurélien,$eauthor,$eeditor.
=830  \0$aCollection de l'École française de Rome ;$v597.
=852  41$aBritish Library$bDSC$j3310.417000
=852  41$aBritish Library$bHMNTS$jAc.5233.a.[....]
=852  41$aBritish Library$bHMNTS
=852  41$aBritish Library$bHMNTS$jYF.2023.a.13230
=856  41$uhttp://digital.casalini.it/9782728315536
=CAT  \\$a8411$b40$c20230606$lBLL01$h1545
=CAT  \\$a8411$b40$c20230606$lBLL01$h1546
=CAT  \\$aBATCH-CLA$b00$c20230607$lBLL01$h0138
=CFI  0\$aCurrent Copyright Fee: GBP25.00$c0$e01-jan-2023$fGBP25.00$g0$hA$5Uk
=FIN  \\$aY$d20230606
=FMT  \\$a  BK
=LAS  \\$aBATCH-CLA$b00$c20230607$lBLL01$h0138
=SID  \\$aZ39$bOCLC

